2087 2777
969 130 1019 164 25

149 235 265 267 oculos
296 234 389 277 ipsos
420 234 613 276 plerumque
645 232 870 275 amplissimus
902 232 1013 264 existit
1043 232 1162 271 (orbita
1195 231 1358 275 posterior
1387 231 1591 263 Herriehii
1616 252 1656 255 —
1683 232 1851 265 Schaef-

149 292 248 334 feri).
298 292 388 323 Hanc
414 296 538 333 partem
572 295 749 332 angustum
781 290 1006 333 (fig.12.c.c,)
1038 302 1099 321 nos
1132 290 1306 333 marqinem
1336 290 1448 333 capitis
1476 289 1682 333 posteriorem
1714 291 1853 334 appella-

152 352 273 391 mus.‘)
325 349 424 380 Plane
449 347 480 378 in
505 347 655 378 inferiore
685 347 800 390 capitis
832 347 976 390 margine
1008 348 1189 390 posteriore
1219 348 1374 378 deorsum
1405 358 1506 390 genus
1538 348 1703 389 quoddam
1736 349 1855 381 barbae

149 407 341 452 porrigitur,
372 417 411 437 ex
436 404 516 436 setis
550 410 581 435 et
614 404 774 447 elongatis
809 404 954 448 squamis
981 404 1204 447 compositum
1231 403 1375 443 (culicif.,
1411 417 1439 435 v.
1465 405 1516 447 lig.
1545 406 1594 438 77.
1619 403 1656 437 h'.
1680 405 1744 449 p',).
1793 408 1853 438 Au-

149 472 291 498 trorsum
316 464 347 495 in
373 468 512 505 utroque
536 462 667 494 verticis
693 462 793 493 latere
818 468 891 493 ante
917 462 1111 493 anteriorem
1138 462 1308 493 oculorum
1340 461 1521 504 marginem
1547 462 1748 505 superiorem
1773 466 1855 497 (luae

149 532 306 557 antennae
334 520 412 552 infra
444 520 664 562 explanandae
690 520 922 563 (flg.12.h.h.)
955 520 1111 551 oriuntur.
1164 519 1284 550 Statim
1315 519 1375 549 sub
1408 519 1477 550 basi
1509 532 1618 551 earum
1650 526 1849 555 anti-orsum,-

151 579 296 613 nonnihil
322 578 455 621 oblique
479 577 511 609 in
536 583 661 620 partem
686 577 849 620 posticam
882 583 913 609 et
939 578 1092 609 deorsum
1119 578 1294 609 decurrens
1318 579 1412 621 frons
1438 577 1503 620 (fig.
1531 578 1580 609 12.
1606 580 1647 620 b.)
1672 579 1854 626 inchoatur-

151 652 234 684 quae
258 649 366 680 usque
390 637 428 668 ad
456 636 520 667 oris
547 641 656 679 partes
683 635 797 678 pergit.
838 636 961 667 Eadem
986 648 1001 666 a
1028 636 1149 668 vertice
1176 641 1287 667 sutura
1312 636 1453 678 quadam
1479 635 1625 667 seiuncta
1651 642 1682 667 ct
1708 637 1854 679 squamis

152 698 247 740 longe
271 694 442 727 latioribus
470 693 613 734 (1:nlicif..
640 707 669 725 v.
697 694 747 737 lig.
776 695 826 726 77.
854 695 881 726 b.
908 699 944 734 c.)
972 694 1113 724 obducta
1140 698 1199 731 est,
1232 704 1315 736 qnae
1338 692 1532 735 plerumque
1557 693 1766 725 vehementer
1790 707 1855 726 me-

151 754 257 787 tallice
287 753 391 784 nitent
422 758 453 783 et
486 751 682 794 peculiarem
713 751 834 783 habent
867 751 1021 782 colorem.
1080 751 1173 793 ipsos
1205 755 1279 782 ante
1311 750 1427 781 oculos
1459 751 1545 793 apud
1576 751 1695 782 multas
1727 752 1855 794 species

151 812 297 845 eminens
328 810 505 854 quaedam,
538 808 714 851 plurimum
745 809 836 840 nivea
869 808 962 840 litura
995 808 1111 847 (orbita
1142 808 1283 839 anterior
1307 807 1511 839 Herrichii
1541 828 1584 832 —
1609 808 1854 851 Schaefferi)

152 869 303 902 decurrit,
350 868 517 899 Deorsum
544 868 583 897 ad
609 867 748 911 clypeum
774 878 838 898 non
864 866 906 897 ita
933 866 1149 908 conspicuum
1180 866 1380 909 applicatum
1406 871 1457 897 est
1480 865 1635 909 exiguum
1663 866 1856 910 triangulare

153 929 272 961 labium
298 926 443 971 superius
469 924 701 967 (Savigny).
750 924 933 967 Utrobique
958 929 1066 956 autem
1092 924 1172 955 iufra
1199 924 1313 955 oculos
1340 923 1499 961 inversae,
1531 924 1614 955 duae
1638 924 1734 956 valde
1759 924 1856 955 mani-

150 987 264 1023 festae,
290 983 492 1015 extrinsecus
525 982 702 1013 introrsum
734 994 943 1025 compressae
973 982 1179 1015 mandibulae
1209 987 1398 1016 cernuntur,
1436 993 1520 1025 quae
1551 981 1729 1013 introrsum
1756 982 1856 1013 firmis

153 1044 231 1077 setis
258 1040 404 1074 consitae
430 1045 515 1071 sunt.
564 1039 705 1071 Eaedem
733 1045 822 1071 setae
848 1045 973 1071 tantum
999 1040 1083 1083 apud
1102 1039 1349 1082 hylaeiformem
1375 1045 1407 1071 et
1432 1039 1624 1082 apiformem
1642 1052 1745 1082 paene
1769 1052 1857 1082 pror-

153 1114 209 1133 sus
235 1112 273 1132 ex
298 1098 491 1131 rudimentis
518 1103 681 1129 constant.

309 1156 477 1188 Deorsum
502 1155 533 1186 in
562 1161 654 1198 parte
684 1161 860 1198 utrumque
891 1155 1074 1187 inferiorem
1107 1156 1277 1186 oculorum
1309 1154 1488 1198 marginem
1514 1155 1690 1198 copulante
1714 1156 1856 1195 barbam,

153 1228 249 1260 quam
276 1226 372 1258 supra
398 1213 671 1250 memoravimus,
702 1213 843 1256 positam
874 1213 1024 1247 vidimus.
1079 1212 1202 1244 Eadem
1234 1225 1308 1255 pars
1342 1225 1358 1244 a
1382 1212 1483 1244 limbo
1513 1213 1692 1245 anteriores
1718 1213 1856 1245 canthos

152 1274 320 1306 inferiores
352 1271 570 1314 coniungente
600 1276 688 1302 arcte
718 1270 1007 1302 circumscribitur.
1056 1270 1139 1301 Hinc
1172 1271 1292 1303 labium
1320 1271 1455 1315 inferius
1486 1270 1625 1309 orditur,
1663 1271 1752 1314 quod
1790 1284 1857 1303 sur-

155 1343 227 1363 sum
253 1335 285 1362 et
313 1329 461 1361 nonnihil
492 1329 524 1360 in
549 1334 673 1372 partem
705 1328 868 1371 posticam
898 1341 1036 1373 vergens
1070 1341 1143 1360 cum
1174 1334 1359 1360 antrorsum
1390 1328 1511 1361 directa
1544 1341 1742 1372 magnopere
1772 1329 1858 1361 elon-

156 1394 240 1433 gata,
266 1387 454 1430 triangulari
480 1392 571 1429 parte
595 1386 852 1425 membranacea,
878 1386 1006 1429 propria
1025 1387 1145 1430 linqua,
1171 1387 1327 1430 angulum
1345 1386 1527 1418 constituit.
1568 1387 1643 1428 Quo
1669 1386 1701 1418 in
1726 1387 1857 1430 angulo,

157 1447 213 1478 sed
238 1445 343 1477 adhuc
368 1445 400 1476 in
426 1444 498 1487 ipso
523 1444 610 1476 labio
635 1443 802 1482 inferiore,
829 1444 1004 1488 utrobique
1030 1450 1105 1476 sunt
1129 1444 1255 1476 articuli
1280 1445 1409 1477 basales
1434 1445 1613 1484 maiorum,
1639 1456 1723 1488 quos
1748 1444 1858 1488 paullo

155 1509 232 1547 post
262 1502 483 1541 excutiemus,
514 1502 684 1545 palporum
716 1502 881 1533 labialium
911 1502 1048 1541 inversi,
1085 1503 1140 1546 qui
1170 1508 1277 1534 totum
1309 1514 1410 1546 paene
1436 1502 1578 1545 spatium
1609 1502 1749 1545 explent.
1809 1503 1859 1534 Ad

156 1567 332 1604 utrumque
355 1560 440 1591 latus
466 1560 542 1591 labii
566 1559 737 1599 inferioris,
770 1560 853 1591 inter
877 1559 941 1591 hoc
966 1566 997 1591 et
1022 1559 1237 1597 mandibulas,
1267 1559 1393 1591 articuli
1417 1560 1547 1592 basales
1571 1560 1787 1599 maxillarum,
1816 1560 1859 1592 la-

156 1618 298 1651 teraliter
322 1623 354 1650 et
379 1630 474 1661 supra
501 1630 575 1649 cum
601 1617 716 1660 capitis
742 1618 887 1660 partibus
914 1617 1077 1661 contiguis
1104 1617 1263 1655 concreti,
1297 1617 1410 1649 inserti
1436 1623 1520 1651 sunt.
1573 1619 1607 1649 In
1633 1630 1772 1661 quorum
1796 1618 1859 1650 fine

158 1682 287 1708 exstant
312 1681 496 1708 antrorsum
523 1681 552 1707 et
578 1675 756 1707 introrsum
783 1675 896 1707 directi
920 1675 1044 1707 minimi
1064 1676 1155 1720 palpi
1178 1676 1375 1714 mamillares,
1405 1687 1443 1707 ex
1468 1675 1618 1718 longiore
1643 1675 1780 1707 articulo
1806 1676 1858 1707 ba-

158 1734 216 1766 sali
242 1739 274 1765 et
297 1733 392 1765 valde
416 1733 598 1765 incrassato
624 1733 772 1765 breviore
797 1733 933 1766 articulo
958 1733 1129 1771 terminali,
1159 1733 1252 1764 cuius
1276 1732 1348 1764 finis
1374 1745 1490 1775 parvas
1514 1733 1576 1765 fert
1601 1739 1700 1771 setas,
1726 1745 1859 1776 compo-

159 1792 222 1825 siti.
269 1792 386 1823 Forma
410 1796 519 1822 tamen
548 1791 667 1823 horum
698 1791 910 1823 articulorum
941 1792 1027 1834 apud
1056 1803 1321 1834 unamquamque
1350 1792 1452 1822 terme
1481 1790 1624 1834 speciem
1649 1791 1860 1823 vehementer

159 1849 286 1881 differre
313 1849 442 1881 videtur
472 1854 504 1880 et
529 1849 615 1891 apud
646 1849 838 1892 apiformem
869 1854 966 1892 atque
996 1849 1243 1892 hylaeiformem
1272 1848 1399 1880 nullum
1429 1860 1541 1880 eorum
1571 1848 1749 1891 vestigium
1779 1849 1859 1880 mihi

158 1906 297 1950 reperire
321 1906 422 1938 licuit.
470 1907 518 1938 Ab
545 1906 681 1939 articulo
707 1913 814 1939 autem
840 1907 943 1939 basali
966 1906 1171 1938 maxillarum
1196 1906 1316 1950 angulo
1341 1906 1415 1949 plus
1441 1918 1539 1949 quam
1564 1911 1653 1938 recto
1679 1906 1860 1950 digreditur

159 1965 335 1997 admodum
363 1964 534 2007 elongatus
560 1964 715 1997 articulus
742 1965 931 2003 terminalis,
956 1970 1141 1997 antrorsum
1166 1970 1198 1996 et
1223 1964 1376 1996 deorsum
1402 1964 1556 1995 directus.
1607 1963 1698 1995 Hanc
1723 1969 1858 2008 partem,

160 2034 242 2066 quae
272 2027 438 2065 tamquam
468 2021 578 2065 lingua
609 2022 738 2066 spiralis
775 2022 930 2060 innotuit,
967 2022 1146 2066 Savigny
1182 2022 1287 2054 fusius
1323 2021 1539 2054 adumbravit.
1597 2021 1745 2054 Tametsi
1780 2033 1857 2054 vero

161 2080 272 2112 eadem
296 2092 371 2123 pars
397 2079 581 2112 functiones
606 2080 737 2125 linguae
754 2080 968 2119 administret,
992 2085 1101 2112 tamen
1128 2080 1240 2123 utique
1256 2080 1356 2111 modo
1380 2079 1511 2111 maxilla
1537 2084 1588 2111 est
1611 2078 1858 2122 elongatissima

162 2143 193 2169 et
217 2137 244 2169 si
267 2137 479 2170 nihilominus
509 2137 640 2181 linguae
663 2150 783 2170 nomen
814 2137 977 2170 dimittere
1008 2137 1168 2176 nolueris,
1205 2138 1266 2169 ista
1298 2149 1373 2180 pars
1404 2137 1515 2180 potius
1544 2137 1654 2181 linqua
1676 2136 1859 2170 miz-willaris

320 2281 343 2315 *)
366 2281 419 2308 Hie
439 2291 536 2318 margo
564 2283 662 2317 eapitis
683 2283 825 2316 posterior
852 2286 894 2308 est
921 2279 1038 2310 collare
1063 2282 1253 2316 Laspeyresii.
1299 2280 1355 2307 Sed
1389 2281 1520 2316 quoniam
1548 2281 1647 2307 eodem
1673 2279 1784 2305 nornine
1811 2278 1858 2304 alii

163 2333 291 2355 auctores
311 2330 508 2363 prothoraeem
529 2334 769 2365 nuncupaverunt,
791 2331 829 2362 id,
852 2334 883 2356 ut
903 2331 1145 2356 inconvenientem
1174 2330 1377 2356 derivationem
1403 2330 1672 2364 praetermittamus,
1696 2328 1807 2354 omnino
1830 2331 1859 2353 et

162 2378 207 2403 hie
229 2381 257 2404 et
278 2378 344 2403 alibi
365 2378 509 2405 vitandum
531 2384 582 2405 est.
623 2378 723 2414 Neque
744 2377 1153 2405 Herriehii-Sehaefferi
1175 2379 1287 2404 nomina
1313 2375 1420 2406 orbita
1438 2376 1598 2414 posterior
1620 2381 1648 2403 et
1669 2372 1777 2404 orbita
1803 2383 1856 2404 an-

165 2425 263 2454 terior
285 2427 422 2453 servanda
443 2430 516 2458 sunt,
538 2427 615 2463 quod
637 2436 670 2454 ea
690 2436 771 2454 nemo
794 2427 946 2459 desiderat,
968 2435 1059 2462 neque
1081 2427 1174 2453 orbita
1194 2428 1347 2463 marginem
1369 2427 1516 2462 designare
1537 2429 1640 2460 potest.

1627 2480 1644 2504 4
