2087 2777
970 120 1020 154 35

145 232 182 251 ac
208 220 292 251 solet
317 219 412 251 etiam
439 232 455 251 a
481 219 648 262 superiore
672 219 873 262 aliquantum
900 222 1095 266 discrepare.
1149 223 1284 255 Ceterae
1312 229 1421 266 partes
1448 224 1517 256 alae
1543 226 1737 268 superioris,
1768 228 1842 271 plus

144 278 194 310 vel
220 277 327 309 minus
352 278 417 309 late
443 282 634 320 squamatus
664 288 776 321 marqo
809 280 950 312 anterior
980 285 1010 311 et
1034 292 1147 324 maryo
1179 281 1326 319 interior,
1363 282 1446 315 linea
1477 283 1615 316 limbalis
1643 290 1741 328 atque
1770 286 1845 318 cilia

145 347 208 366 non
234 335 345 378 ignota
371 340 455 368 sunt.

302 391 505 425 variationes
530 391 629 423 huius
656 404 865 435 squamarum
892 393 1071 425 solidarum
1096 394 1348 433 distributionis,
1377 408 1458 439 quas
1483 397 1515 428 in
1541 398 1599 430 alis
1629 400 1744 432 anticis
1771 402 1843 432 alia-

143 463 215 482 rum
242 450 400 482 sesiarum
425 449 617 492 reperimus,
645 450 710 482 fere
735 451 796 482 hae
822 457 906 485 sunt.
954 451 1036 483 Tota
1063 451 1111 483 ala
1137 452 1278 491 antica‘)
1309 464 1462 495 squamas
1493 456 1591 498 gerit,
1621 457 1726 500 primo
1752 459 1842 491 initio

144 520 237 540 areae
267 506 476 540 cuneiformis
506 512 604 550 atque
635 519 728 539 areae
758 508 1004 552 longitudinalis
1036 509 1161 550 (asilif.‚
1192 522 1221 543 v.
1252 510 1304 554 fig.
1335 511 1401 551 65.)
1434 518 1580 555 excepto,
1640 515 1842 559 Marginibus

145 566 314 608 costisque
337 564 576 607 praetermissis
603 565 650 596 ala
681 565 785 598 antica
811 566 1022 609 paucioribus
1056 567 1202 610 squamis
1235 567 1349 599 solidis
1376 569 1505 600 obtecta
1532 576 1595 604 est,
1628 585 1712 616 quae
1743 574 1843 616 potis-

146 624 264 656 simum
288 622 321 653 ln
344 621 460 654 mediis
490 634 547 665 per
575 628 686 654 costas
711 624 752 662 8,,
785 625 822 662 7.,
854 625 894 662 6.,
926 627 956 657 5.
983 630 1014 657 ct
1038 627 1067 658 4.
1099 625 1294 669 compositis
1328 626 1453 658 cellulis
1486 639 1502 658 a
1533 627 1615 660 linea
1646 630 1768 662 limbali
1799 631 1843 663 in-

144 687 286 712 trorsum
312 679 475 722 pertinent
500 692 537 711 ac
561 685 727 722 praeterea
754 681 837 713 circa
869 682 1002 714 densius
1029 688 1233 726 squamatam
1263 689 1389 715 costam
1415 689 1635 718 transversam
1660 688 1844 732 lineamque

144 737 413 781 longitudinalem
439 737 575 769 cellulae
600 738 726 769 mediae
755 744 885 771 exstant
911 739 998 783 (apif.
1031 745 1061 771 et.
1086 740 1267 784 laphriaefi,
1298 754 1328 774 v.
1353 741 1404 785 fig.
1431 742 1482 776 63,
1508 748 1538 775 et
1564 743 1640 783 64.).
1692 746 1844 790 Denique

144 808 236 827 areae
260 795 507 839 longitudinalis
536 795 602 827 fere
632 796 775 828 medium
806 797 933 829 macula
961 797 1130 840 copiosius
1162 804 1332 842 squamata
1358 799 1499 832 divisum
1529 813 1602 833 esse
1626 808 1752 844 potest.
1789 805 1843 836 ubi

145 860 252 886 tamen
277 854 401 897 integra
426 864 519 884 areae
545 865 618 895 pars
645 859 774 885 externa
802 855 946 897 squamis
978 855 1084 887 obsita
1111 861 1162 887 est
1187 856 1339 899 (hylaeif.‚
1365 870 1393 891 v.
1420 857 1472 900 fig.
1497 858 1571 899 66).
1622 859 1745 892 Eadem
1772 874 1843 894 area

145 924 221 943 vero
247 911 344 943 etiam
371 910 441 942 sine
458 911 584 942 macula
603 911 656 942 illa
683 912 841 954 partiente
866 913 1104 956 propemodum
1131 919 1196 944 tota
1224 915 1369 957 squamis
1389 915 1503 947 solidis
1529 917 1652 949 munita
1670 918 1844 953 invenitur,

144 969 234 1001 velut
259 969 344 1012 apud
373 968 708 1001 tenthrediniformem
741 970 804 1013 (fig.
833 971 912 1011 70.),
944 970 1242 1013 philanthiformem
1274 977 1305 1003 et
1335 972 1674 1016 leucospidiformem,
1706 988 1843 1019 quarum

144 1026 281 1058 feminae
305 1026 367 1057 ista
392 1026 519 1058 macula
546 1039 680 1068 prorsus
707 1039 816 1058 carere
841 1027 957 1059 solent.

302 1083 380 1116 Alae
398 1084 555 1128 posticae,
588 1084 614 1115 si
640 1085 712 1127 plus
737 1084 888 1116 minusve
913 1091 1101 1128 squamatas
1128 1092 1254 1121 costas,
1284 1087 1463 1131 marginem
1489 1089 1700 1129 anteriorem,
1725 1091 1844 1124 lineam

144 1141 306 1173 limbalem
333 1140 472 1184 viliaque
497 1142 675 1185 exceperis,
701 1142 795 1185 plane
811 1142 961 1185 hyalinae
986 1149 1072 1175 sunt.
1098 1155 1157 1175 nec
1175 1156 1318 1187 unquam
1344 1145 1374 1177 in
1401 1146 1572 1189 superficie
1587 1147 1716 1190 hyalina
1741 1149 1843 1181 ullum

144 1198 318 1242 vestigium
345 1199 590 1242 squamularum
610 1199 797 1238 vitrearum,
823 1212 961 1243 quarum
979 1213 1075 1244 supra
1102 1201 1243 1241 memini,
1269 1202 1420 1245 equidem
1447 1204 1654 1247 deprehendi.
1692 1206 1842 1249 Inprimis

144 1256 280 1300 insignis
306 1262 356 1288 est
381 1257 561 1300 squamatio
586 1264 689 1290 costae
713 1264 912 1291 transversae
926 1260 973 1298 ⁰).
1000 1270 1083 1301 quae
1108 1258 1140 1290 in
1165 1264 1256 1302 parte
1281 1261 1441 1293 anteriore
1466 1268 1498 1294 et
1522 1263 1704 1305 posteriore
1729 1265 1842 1296 crebro

144 1326 279 1357 prorsus
306 1314 433 1346 diversa
465 1320 608 1357 apparet.
661 1315 760 1346 Color
790 1320 934 1347 ceterum
965 1316 1105 1359 partium
1138 1317 1419 1361 squamigerarum
1450 1319 1645 1364 plerumque
1678 1322 1841 1354 obscurus

146 1377 206 1405 est,
230 1372 432 1415 frequentius
459 1372 605 1415 squamis
631 1372 920 1404 diversicoloribus
946 1372 1113 1412 irroratus,
1138 1374 1305 1406 rarissime
1330 1375 1463 1408 omnino
1488 1377 1630 1411 vividus.

303 1431 331 1472 ξ.
357 1430 409 1462 23.
457 1431 620 1463 Abdomen
644 1430 796 1474 imaginis
823 1442 861 1462 ex
888 1430 1002 1462 decem
1027 1431 1180 1464 consistit
1206 1433 1395 1476 segmentis,
1420 1445 1504 1477 quae
1529 1435 1593 1466 iam
1618 1435 1843 1469 demonstrare

146 1493 175 1519 et
202 1499 364 1530 exponere
387 1487 551 1522 volumus,
601 1487 707 1519 Prima
732 1487 831 1531 igitur
856 1500 913 1520 sex
939 1494 1107 1532 segmenta
1132 1489 1163 1520 in
1191 1502 1271 1521 sexu
1300 1496 1440 1534 utroque
1464 1492 1530 1524 fere
1555 1492 1641 1536 paria
1669 1500 1753 1534 sunt,
1778 1495 1841 1527 nisi

146 1546 234 1588 quod
260 1545 346 1588 apud
369 1545 523 1576 seminam
547 1551 680 1588 propter
705 1546 830 1584 ovaria,
861 1546 980 1589 quibus
1012 1546 1199 1590 explentur,
1230 1547 1333 1591 magis
1370 1550 1507 1581 rotunda
1549 1555 1647 1593 atque
1679 1552 1839 1584 crassiora

145 1602 300 1634 existunt.
346 1601 445 1633 Primi
471 1608 503 1634 et
528 1614 567 1634 ex
592 1608 682 1645 parte
708 1604 804 1635 etiam
830 1603 961 1635 alterius
989 1604 1149 1648 segmenti
1174 1605 1259 1637 latus
1290 1606 1390 1637 modo
1417 1607 1546 1639 dorsale
1571 1608 1656 1640 clare
1682 1610 1841 1653 cognosci

144 1664 265 1702 potest,
291 1671 391 1702 quum
417 1660 530 1692 eadem
556 1666 723 1704 segmenta
749 1661 903 1693 deorsum
933 1662 1078 1704 praecisa
1110 1674 1186 1694 cum
1216 1662 1440 1695 metathorace
1465 1665 1621 1708 angulum
1646 1667 1673 1708 ξ.
1701 1669 1749 1700 16,
1777 1679 1840 1699 me—

146 1722 308 1748 moratum
334 1717 549 1749 constituunt.
596 1718 684 1750 Haec
710 1719 774 1750 duo
801 1724 968 1762 segmenta
1000 1719 1096 1751 etiam
1122 1725 1264 1762 quatuor
1289 1721 1502 1764 sequentibus
1535 1722 1725 1766 angustiora
1755 1730 1841 1764 sunt,

145 1786 229 1817 quae
252 1774 347 1817 plane
377 1775 545 1807 circularia
576 1776 730 1808 deorsum
766 1777 960 1808 clauduntur
995 1776 1203 1823 maximeque
1233 1778 1319 1820 apud
1355 1790 1477 1811 marem
1515 1780 1656 1823 desuper
1686 1781 1841 1814 deorsum

144 1831 345 1875 aliquantum
371 1844 561 1876 compressa
585 1839 748 1877 apparent,
799 1833 916 1866 Omnia
948 1839 1055 1866 autem
1088 1846 1145 1866 sex
1177 1840 1355 1879 segmenta,
1388 1836 1414 1868 si
1443 1837 1509 1869 fere
1540 1850 1556 1868 a
1588 1837 1693 1881 primo
1719 1838 1840 1871 disces-

147 1889 248 1928 seris,
274 1902 312 1922 ex
337 1896 428 1933 parte
453 1891 594 1934 quadam
620 1891 788 1934 superiore
813 1897 843 1924 et
868 1891 1019 1924 inferiore
1044 1892 1244 1935 composita,
1281 1892 1452 1925 iudicanda
1490 1900 1584 1931 sunt,
1615 1907 1700 1939 quae
1729 1903 1838 1940 partes

144 1947 294 1979 molliore
328 1948 514 1980 membrana
552 1948 711 1991 synoviali
748 1949 942 1992 coniugatae
977 1955 1063 1983 sunt,
1098 1949 1154 1981 ubi
1185 1950 1418 1993 angustissima
1445 1951 1597 1995 stigmata
1634 1954 1839 1987 semilunaria

145 2010 284 2036 exstant.
331 2005 402 2037 Etsi
431 2005 594 2049 margines
625 2006 743 2038 horum
775 2012 1019 2050 segmentorum
1050 2007 1227 2040 anteriores
1257 2007 1404 2040 nonnihil
1436 2010 1496 2041 sub
1528 2010 1728 2044 incrassatos
1760 2025 1839 2045 mar-

302 2164 325 2196 ³)
347 2162 420 2189 Tota
441 2163 486 2189 ala
507 2163 597 2189 antica
618 2164 739 2198 squamis
761 2164 896 2190 instructa
918 2164 993 2198 apud
1014 2169 1124 2191 nostras
1147 2166 1233 2192 sesias
1254 2174 1310 2192 non
1325 2166 1473 2198 invenitur,
1495 2167 1544 2193 sed
1567 2167 1643 2202 apud
1663 2169 1730 2194 alias
1753 2169 1839 2195 sesias

144 2208 318 2243 Eumpaeas,
339 2215 370 2236 ut
392 2212 466 2245 apud
489 2212 596 2246 speeies
619 2212 728 2247 generis
750 2212 964 2247 paranthrenae.

304 2257 341 2292 **)
365 2257 542 2294 Squamatam
565 2264 671 2287 eostam
692 2265 878 2286 transversam
901 2261 961 2286 alae
989 2261 1096 2287 antieae
1123 2261 1383 2297 Laspeyresius
1411 2261 1547 2291 lunulam
1573 2265 1691 2290 vocavit.
1734 2264 1838 2291 Verum

144 2306 214 2332 haec
235 2307 391 2340 squamatio
411 2317 475 2334 raro
498 2309 603 2334 lunaris
626 2309 678 2334 dici
706 2313 809 2343 potest,
838 2318 930 2343 neque
957 2309 1006 2335 illo
1035 2311 1227 2345 cognoscimus
1255 2312 1379 2343 nomine,
1413 2316 1549 2348 quatenus
1577 2317 1653 2339 costa
1678 2316 1839 2339 transversa

146 2359 290 2388 squamata
313 2355 423 2386 existat.

1589 2414 1624 2439 5*
