2087 2777
1055 104 1107 139 22

235 214 337 257 ipsius·
364 212 517 244 domicilii
543 212 602 243 tilis
628 210 758 241 tirmiter
783 208 926 239 investiti
954 212 1040 245 sunt,
1067 206 1155 249 quod
1181 218 1278 249 supra
1302 206 1401 237 modo
1427 211 1526 249 atquc
1551 205 1631 236 infra
1657 204 1736 248 ligni
1761 204 1930 248 particulis

237 270 427 303 obstruitur.

393 328 471 359 Solu
503 324 712 357 culiciformis
745 328 927 354 extrorsum
960 321 1142 354 folliculum
1175 321 1354 359 construit,
1387 333 1425 353 ex
1456 321 1565 365 longis
1598 320 1718 352 assulis
1750 320 1933 352 secundum

234 385 469 428 longitudinem
495 396 587 415 suam
612 383 694 414 inter
720 394 754 413 se
780 379 1012 423 conglutinatis
1039 384 1256 417 constantem,
1282 390 1385 421 quum
1409 378 1556 410 internus
1586 378 1752 410 folliculus
1778 377 1932 410 breviori-

236 443 295 473 bus
321 442 399 485 ligni
425 441 590 484 particulis
617 439 850 482 compingitur.
883 451 966 481 quae
996 443 1104 469 tamen
1135 436 1196 468 filis
1229 449 1294 467 non
1327 436 1548 469 obducuntur.
1596 436 1713 479 Neque
1743 435 1821 468 licet
1844 435 1932 467 hunc

234 499 414 531 folliculum
440 498 600 541 integrum
626 497 775 534 expuere,
802 509 903 538 quum
929 495 1009 527 alter
1034 495 1104 526 eius
1123 494 1229 537 paries
1247 493 1494 537 longitudinalis
1512 494 1635 537 pariete
1652 493 1809 526 domicilii
1826 493 1931 536 ipsius

234 557 399 588 formetur.
447 555 675 598 Hylaeiformis
701 560 808 585 autem
834 553 1015 585 folliculum
1040 552 1167 584 nullum
1193 552 1316 590 condit,
1343 552 1402 583 sed
1428 551 1497 583 eius
1531 551 1649 583 domus
1682 557 1732 584 est
1758 564 1875 584 cavum
1899 551 1932 583 iu

235 613 373 645 medulla
399 613 563 646 siccorum
589 624 760 654 scaporum
785 610 855 642 rubi
880 610 966 641 Idaei
992 610 1106 641 crebro
1132 609 1326 653 longissime
1350 614 1548 652 porrectum.
1597 609 1690 650 Quae
1720 610 1839 642 domus
1869 608 1931 641 filis

234 684 296 702 non
322 671 573 713 conglutinatur,
600 670 655 702 sed
683 669 818 712 parietes
844 668 1006 699 medullae
1030 667 1125 699 valde
1150 667 1364 710 inaequaliter
1390 666 1476 699 erosi
1500 666 1706 710 hylaeiformi
1723 667 1931 710 maximeque

233 729 378 761 eiusdem
409 728 612 760 adminiculis
643 728 743 759 fulcra
776 732 820 757 sat
854 725 955 757 multa
988 724 1207 768 suppeditant.
1256 724 1324 756 Hac
1355 724 1455 768 igitur
1486 725 1612 757 ratione
1642 724 1866 768 hylaeiformis
1898 725 1931 756 in

233 798 313 818 cavo
340 799 401 818 suo
426 792 496 817 tum
521 786 706 823 ascendere,
731 790 799 816 tum
826 784 1023 816 descendere
1047 788 1175 826 potest,
1208 783 1299 826 quod
1329 782 1476 826 periculo
1506 782 1697 814 imminente
1726 782 1793 814 fieri
1819 783 1931 815 obser-

235 849 344 875 vatum
371 849 429 877 cst.

392 901 538 933 Simulac
568 900 686 943 papilio
716 899 747 930 in
777 911 863 942 pupa
888 898 1041 930 interiore
1065 898 1208 942 perfecte
1234 897 1388 930 evolutus
1415 903 1483 936 est,
1507 898 1589 930 haec
1614 898 1761 930 motione
1784 898 1931 931 versatili

234 971 288 1001 per
318 971 510 1001 processum
539 958 725 990 vcrticalem
755 962 785 989 et
816 956 989 988 frontalem
1020 956 1126 988 omnia
1160 968 1195 988 se
1227 956 1266 987 ab
1299 961 1432 988 externo
1459 956 1643 999 separantia
1667 955 1836 988 involucra
1861 968 1931 999 per-

233 1016 362 1059 rumpit,
389 1029 453 1059 quo
478 1017 509 1048 in
535 1015 704 1048 conamine
727 1014 814 1046 illam
839 1014 1021 1047 folliculum
1046 1026 1117 1045 raro
1145 1019 1271 1045 tantum
1296 1025 1433 1057 prorsus
1463 1013 1647 1057 relinquere
1677 1019 1823 1058 oportet,
1854 1014 1931 1057 quia

234 1074 258 1105 is
285 1074 460 1117 plurimum
486 1075 546 1106 sub
572 1074 645 1117 ipso
672 1072 793 1105 cortice
819 1072 901 1105 situs
928 1078 988 1104 est.
1036 1072 1108 1104 Hoc
1133 1071 1165 1103 in
1191 1083 1289 1114 opere
1314 1077 1423 1103 autem
1449 1084 1556 1115 pupae
1581 1072 1716 1116 insuper
1740 1077 1771 1104 et
1797 1072 1931 1103 admini-

233 1132 303 1163 cula
329 1138 361 1163 et
385 1144 562 1175 processus
593 1131 699 1163 anales
730 1143 766 1162 ac
796 1130 1007 1173 potissimum
1038 1129 1167 1174 egregia
1198 1128 1303 1172 ipsius
1335 1128 1463 1173 agilitas
1494 1129 1694 1172 permultum
1727 1130 1928 1163 conducunt.

232 1191 306 1230 Quo
330 1189 428 1221 modo
460 1188 598 1221 celerius
631 1189 698 1221 sine
729 1188 971 1220 intermissione
1003 1200 1038 1219 se
1062 1186 1500 1237 perforationeypromovet,
1533 1188 1641 1231 quoad
1673 1188 1739 1220 fere
1762 1193 1930 1231 postrema

232 1247 339 1279 solum
364 1253 504 1291 quatuor
528 1247 579 1279 vel
605 1252 728 1289 septem
761 1251 929 1290 segmenta
961 1245 1068 1277 adhuc
1098 1245 1130 1277 in
1161 1245 1270 1288 planta
1300 1245 1455 1277 haereant
1484 1251 1516 1277 et
1547 1246 1586 1277 ab
1617 1245 1750 1278 corticis
1780 1246 1930 1290 partibus

232 1304 389 1337 violenter
414 1304 586 1337 disiunctis
611 1304 875 1348 comprimantur.
920 1303 1063 1335 Eatenus
1089 1315 1166 1335 vero
1192 1315 1368 1347 progressa
1393 1315 1480 1346 pupa
1506 1315 1545 1335 ex
1571 1303 1782 1337 contentione
1807 1317 1867 1337 sua
1893 1316 1930 1336 se

233 1363 362 1395 reficere
386 1362 523 1402 videtur,
549 1374 688 1405 namque
713 1363 826 1394 decem
851 1362 952 1394 ferme
976 1361 1118 1394 minutas
1151 1360 1358 1404 quietissime
1390 1373 1425 1393 se
1449 1361 1557 1395 habet.
1605 1361 1692 1394 Tum
1718 1362 1851 1395 demum
1875 1374 1930 1405 pa-

233 1420 309 1463 pilio
335 1420 504 1453 involucro
530 1432 636 1464 pupae
659 1425 813 1463 perrupto
841 1419 956 1452 eximia
983 1431 1057 1451 cum
1084 1419 1251 1451 alacritate
1275 1419 1435 1463 procedit.
1449 1420 1474 1461 ’)

880 1716 1273 1783 {MAG-0.

392 1938 419 1979 ξ.
446 1937 495 1970 16.
543 1938 670 1981 Corpus
700 1938 874 1978 sesiarum,
906 1940 991 1972 sicut
1022 1940 1168 1973 omnium
1197 1939 1477 1983 lepidopterorum
1507 1939 1707 1983 omninoque
1735 1943 1929 1971 cunctorum

236 1993 434 2025 insectorum
450 1995 678 2038 perfectorum,
704 1995 736 2027 in
760 2005 864 2042 caput,
888 1998 1046 2031 thoracem
1071 2004 1102 2030 ct
1126 1999 1281 2032 abdomen
1299 1997 1463 2030 dividitur.
1503 1997 1622 2040 Caput,
1646 1997 1720 2040 plus
1745 1997 1797 2029 vel
1821 1997 1928 2029 minus

394 2112 417 2144 ³²)
440 2111 520 2138 Licet
550 2122 651 2147 pupam
677 2122 711 2140 ex
744 2116 821 2150 ligno
849 2124 911 2141 sese
937 2121 1147 2150 promoventem
1174 2115 1350 2150 frequentius
1379 2115 1587 2141 observaverim
1615 2114 1760 2149 equidem,
1788 2123 1930 2149 nunquam

237 2164 338 2190 tamen,
360 2163 391 2185 ut
412 2160 523 2194 quidam
546 2166 609 2187 suut
631 2167 768 2195 auctores,
792 2164 917 2190 accidere
939 2165 1006 2197 vidi,
1028 2169 1059 2190 ut
1078 2174 1153 2199 pupa
1175 2168 1300 2191 extremo
1323 2163 1427 2190 cortice
1448 2164 1535 2190 semel
1550 2163 1694 2197 perforato
1715 2163 1743 2188 in
1758 2163 1930 2189 domicilium

239 2217 315 2234 suum
336 2208 536 2240 retrocedatur,
558 2210 587 2235 id
609 2211 683 2245 quod
704 2212 870 2247 plerumque
891 2214 975 2240 etiam
995 2214 1049 2239 iam
1063 2222 1114 2248 per
1136 2213 1262 2248 diruptas
1284 2212 1395 2238 corticis
1416 2216 1512 2247 partes
1533 2212 1559 2238 ei
1573 2212 1736 2243 renitentes,
1757 2216 1788 2238 ut
1810 2212 1845 2237 de
1866 2212 1928 2237 aliis

238 2257 321 2282 rebus
342 2257 482 2288 reticeam,
505 2258 582 2283 nullo
603 2263 684 2292 pacto
705 2261 767 2286 fieri
788 2266 891 2295 potest.

396 2306 514 2340 Aliquot
534 2307 666 2332 sesiarum
687 2317 776 2342 pupas
798 2318 832 2336 ex
854 2310 995 2337 domicilio
1018 2320 1068 2337 suo
1091 2315 1214 2338 exemtas
1241 2311 1269 2336 in
1290 2310 1406 2345 planitie
1432 2310 1516 2344 plane
1542 2310 1614 2335 laevi
1636 2310 1725 2336 libere
1746 2309 1837 2344 posui.
1878 2308 1928 2335 Ni-

241 2353 385 2380 hilominus
405 2355 559 2390 pleraeque
579 2364 672 2382 earum
693 2358 862 2391 papilionem
883 2359 1007 2393 perfecte
1030 2360 1202 2386 evolverunt.
1250 2360 1382 2386 Attamen
1409 2358 1481 2385 aliae
1502 2358 1611 2393 species
1637 2358 1700 2384 aliis
1730 2358 1818 2384 multo
1840 2357 1928 2392 magis

241 2402 388 2429 irritabiles
410 2412 471 2429 esse
492 2404 630 2430 videntur.
