2087 2777
959 125 1009 160 39

292 226 467 271 Regiones,
492 227 523 259 in
549 227 669 270 quibus
695 226 800 258 sesiae
825 226 999 270 praecipue
1023 227 1146 259 versari
1171 233 1289 267 amant,
1314 227 1395 259 tales
1422 233 1513 265 sunt⁷
1547 228 1601 260 ubi
1632 229 1738 273 planta
1764 241 1833 261 eru-

133 297 206 317 cam
231 290 420 317 sustentans
445 284 603 327 reperitur
628 288 658 314 et
685 283 739 315 ubi
765 283 900 316 diversis
925 285 1024 316 rebus
1050 284 1191 316 externis
1216 284 1276 316 hae
1301 285 1431 328 plantae
1462 285 1637 328 plurimum
1661 287 1834 319 laeduntur

134 348 235 386 atque
260 342 303 373 ita
328 342 468 374 feminae
491 341 682 384 aptissimos
708 341 803 373 locos
829 342 870 373 ad
895 354 957 374 ova
983 342 1176 383 deponenda
1202 342 1421 385 suppeditant.
1469 343 1563 376 Unde
1592 343 1738 387 inprimis
1763 345 1832 377 vias

134 401 296 439 arbustas,
320 399 448 437 hortos,
473 410 582 442 agros,
607 403 664 430 aut
688 410 745 430 eos
770 399 865 431 locos
892 399 1036 431 saltuum
1060 398 1092 429 in
1117 398 1240 430 deliciis
1265 398 1403 438 habent,
1430 400 1482 431 ubi
1508 401 1640 433 arbores
1665 403 1704 433 ab
1729 403 1833 435 homi-

132 458 241 497 nibus,
266 463 321 489 aut
345 457 384 488 ab
410 456 602 488 animalibus
626 456 802 499 plurimum
827 457 935 488 laesae
961 462 1046 488 sunt.

292 515 320 557 ᾧ.
345 515 396 547 25.
442 515 621 546 Vetustum
653 526 755 558 genus
786 515 935 554 ‚‚sesia<⁶,
968 520 1004 545 ut
1034 514 1120 558 apud
1150 513 1482 558 Laspeyresium,
1514 516 1831 551 Ochsenheiine-

132 585 232 612 rum,
257 571 532 610 Latreillium,
557 571 888 611 Boisdnvalium,
914 572 995 604 alios
1019 571 1188 614 reperitur,
1214 572 1253 603 ab
1279 572 1515 604 recentioribus
1541 574 1730 608 auctoribus
1756 577 1831 609 Ger-

132 629 270 662 manicis
294 629 427 661 nomine
451 630 600 663 sesiidum
625 632 704 668 (sec.
730 629 1321 673 Herricbium-Schaefferum)
1348 642 1407 663 seu
1431 631 1641 665 sesioidarum
1665 635 1744 673 (sec.
1761 633 1832 666 Le-

135 688 334 730 dererum)
360 687 444 719 inter
470 692 648 731 systemata
673 688 812 719 relatum
843 693 874 720 et
899 688 930 719 in
955 688 1046 731 plura
1073 699 1190 731 genera
1223 687 1350 731 singula
1377 687 1518 720 divisum
1544 694 1603 721 est.
1651 690 1728 723 Sive
1753 704 1830 724 vero

133 757 250 789 genera
277 745 441 784 statueris,
467 744 546 783 sive,
572 745 662 788 quod
687 757 747 777 nos
773 745 954 784 malumus,
988 746 1186 789 subgenera,
1218 746 1330 777 eadem
1356 745 1600 778 diversitatibus
1626 748 1719 780 valde
1744 761 1831 792 egre-

133 803 204 847 giis,
230 815 312 846 quas
337 803 369 834 in
395 802 488 834 sesiis
515 802 800 846 deprehendimus,
827 815 955 846 semper
979 803 1215 846 probabuntur.

291 859 774 892 Herriehius-Schaesfer
784 872 826 892 us
852 860 883 892 in
908 860 991 892 libro
1018 861 1057 892 de
1075 860 1288 904 lepidopteris
1305 861 1484 905 Europaeis
1503 861 1690 905 conscripto
1708 862 1831 894 hancce

107 948 116 953 ,
132 918 292 961 synopsin
317 930 471 962 generum
498 917 657 949 sesiidum
682 918 869 961 proposuit:

321 1033 342 1064 l.
390 1034 557 1065 Antennae
582 1032 674 1075 apice
698 1045 763 1064 non
788 1034 1003 1077 penicillatae,
1027 1034 1136 1078 lingua
1163 1033 1289 1068 debilis.

506 1093 535 1123 1.
572 1090 739 1123 Antennae
764 1091 861 1123 maris
879 1091 977 1136 longe
1001 1091 1137 1131 ciliatae,
1163 1091 1284 1123 alarum
1309 1091 1528 1135 posteriorum
1546 1098 1659 1124 costae
1677 1093 1831 1130 secunda,

570 1148 674 1186 tertia,
700 1154 813 1192 quarta
840 1155 1018 1192 separatae.
1344 1150 1577 1183 Paranlltrena.
1593 1152 1617 1192 *)

506 1205 535 1237 2.
572 1207 739 1238 Antennae
764 1206 861 1238 maris
886 1207 1120 1250 bipectinatae,
1152 1208 1275 1239 alarum
1299 1207 1519 1250 posteriorum
1544 1213 1657 1239 costae
1682 1208 1773 1240 tertia
1799 1214 1831 1240 et

570 1268 684 1306 quarta
710 1275 726 1296 e
751 1276 842 1296 ramo
869 1265 1044 1298 communi.
1445 1266 1619 1299 Bembec'ia.

307 1320 343 1351 II.
391 1320 558 1352 Antennae
583 1321 675 1364 apice
699 1322 912 1364 penicillatae.

503 1380 528 1412 1.
567 1379 734 1411 Antennae
758 1379 855 1411 maris
882 1380 964 1412 serie
991 1380 1131 1424 simplici
1155 1381 1348 1424 pectinatae,
1372 1380 1481 1424 lingua
1506 1381 1625 1420 brevis,
1651 1380 1777 1413 debilis.

1416 1439 1617 1472 Trochilium.

501 1495 531 1526 2.
567 1495 734 1527 Antennae
758 1495 856 1527 maris
883 1496 1019 1535 ciliatae,
1044 1495 1153 1539 lingua
1178 1496 1285 1540 longa,
1313 1508 1440 1529 cornea.

1516 1555 1613 1589 Sesia.

291 1666 358 1697 Sed
383 1666 410 1698 si
434 1667 680 1710 quodammodo
699 1674 939 1711 consequenter
964 1681 1060 1713 agere
1086 1669 1249 1707 volumus.
1276 1670 1457 1701 secundum
1483 1681 1597 1701 omnes
1623 1669 1825 1701 characteres

130 1729 197 1755 tam
222 1723 403 1756 artificiales
428 1737 526 1768 quam
550 1725 714 1757 naturales
745 1725 877 1768 insuper
902 1738 1004 1770 genus
1035 1727 1200 1770 quoddam
1231 1727 1349 1760 addere
1379 1727 1545 1760 debemus.
1590 1728 1703 1770 Itaque
1729 1727 1826 1759 sesia—

130 1793 213 1820 rum,
239 1793 322 1824 quae
346 1794 447 1825 prope
470 1782 658 1815 Beroliuum
686 1788 824 1818 exstant,
850 1783 929 1815 haec
956 1784 1136 1827 subgenera
1163 1785 1354 1824 statuimus,
1386 1797 1526 1828 quorum
1551 1784 1754 1817 characteres
1780 1797 1825 1817 ar-

130 1838 278 1873 tificiales
305 1839 344 1870 ab
369 1839 602 1882 principalibus
628 1846 839 1873 antennarum
864 1842 891 1883 ᾅ-
919 1842 969 1874 18.
995 1842 1259 1874 adumbratarum
1285 1842 1473 1875 differentiis
1498 1842 1691 1885 repetimus:

290 1955 326 1986 A.
373 1953 537 1986 Articulus
562 1954 741 1987 terminalis
767 1961 978 1987 antennarum
1003 1961 1138 1988 setatus.

531 2013 553 2044 l.
600 2014 767 2045 Antennae
791 2013 888 2044 maris
914 2013 1107 2056 pectinatae,
1132 2013 1271 2045 breviter
1296 2013 1431 2045 ciliatae.

1414 2071 1612 2106 Trochilium.

518 2128 554 2161 ΙΙ.
599 2129 764 2160 Antennae
789 2128 886 2159 maris
913 2128 1169 2171 subpectinatae,
1194 2128 1291 2172 longe
1316 2128 1452 2161 eiliatae.

1416 2187 1611 2231 Sciapteron.

290 2324 313 2357 *)
338 2322 434 2350 Solum
453 2324 507 2351 hoe
528 2333 616 2359 genus
638 2324 712 2358 apud
733 2324 895 2350 Berolinum
917 2332 972 2349 non
994 2324 1105 2350 obvium
1128 2328 1179 2350 est.
1223 2325 1318 2352 Genus
1346 2325 1567 2362 „penniselia“
1594 2337 1610 2353 a
1632 2326 1673 2353 Ol.
1695 2326 1822 2354 Daehnio

131 2372 313 2398 constitutum
335 2376 386 2404 est,
409 2382 463 2408 quo
484 2376 594 2399 tantum
617 2373 744 2399 anomala
765 2373 798 2398 ab
821 2376 934 2399 auctore
955 2373 1068 2399 inventa
1088 2373 1219 2407 pertinet,
1241 2374 1318 2400 euius
1341 2374 1514 2402 characteres
1540 2376 1605 2401 mihi
1626 2376 1737 2410 ignotos
1760 2385 1822 2403 esse

132 2420 227 2447 doleo.
