2087 2777
987 108 1011 143 3

151 211 264 243 formis
291 211 330 242 ad
357 210 448 242 illum
475 210 529 242 ovi
555 210 742 242 asiliformis
768 216 802 241 ut
830 211 894 243 12:
916 212 954 243 15
981 223 1016 243 se
1041 211 1173 249 habeat,
1204 210 1290 243 hunc
1320 210 1503 242 invenimus
1536 223 1644 254 parem
1669 213 1782 250 0‚94¹¹¹¹·¹
1807 218 1851 244 at-

150 281 214 312 que
239 281 334 300 axem
358 268 593 300 latitudinalem
619 279 730 311 parem
754 269 877 306 0,58¹¹¹¹¹¹.
918 268 973 300 Sic
999 273 1208 311 computatae
1234 268 1358 300 similes
1384 268 1555 301 absolutae
1579 269 1724 302 rationes
1750 270 1851 314 longi—

150 326 311 358 tudinales
338 332 531 364 ceterorum,
557 337 640 368 quae
665 324 847 368 disquisivi„
873 338 1011 357 ovorum
1036 325 1096 357 hae
1115 330 1199 363 sunt,
1225 325 1281 356 ubi
1298 325 1423 367 primus
1441 338 1594 358 numerus
1613 326 1851 370 longitudinem

151 384 220 416 axis
245 382 503 428 longitudinalis,
530 382 693 415 secundus
718 382 958 426 longitudinem
983 382 1052 413 axis
1077 381 1290 413 latitudinalis
1316 382 1450 414 indicat:
1484 384 1713 428 sphegiformis
1739 387 1851 419 0,75¹¹¹¹⁰

151 448 183 474 et
206 444 331 481 O,50¹¹¹“¹;
367 440 589 484 hylaeiformis
617 442 727 479 1‚08¹¹¹¹⁰
753 445 784 472 et
809 441 937 479 0,78”““;
973 439 1244 471 formicaeformis
1270 440 1381 478 0‚53”¹¹'¹
1414 446 1444 472 et
1476 442 1604 483 O‚3‹S¹”“¹3
1641 442 1850 486 tipuliformis

151 501 261 539 O,(30¹¹¹¹⁰
287 504 318 531 et
342 499 470 536 Ο,38’“““;
496 497 772 541 philanthiformis
798 499 863 535 053
874 504 910 517 ''¹¹‘'
936 503 967 529 et
991 499 1114 535 0,44¹⁷¹¹'¹.
1130 498 1154 539 *)

310 555 370 587 His
396 567 434 587 ex
459 555 641 587 rationibus
667 555 744 587 illud
771 555 914 587 notabile
932 555 1156 598 consequitur,
1181 555 1439 599 magnitudinem
1466 567 1603 588 ovorum
1628 558 1666 589 ad
1692 558 1853 602 magnitu-

151 614 258 646 dinem
282 613 399 645 insecti
423 613 557 656 perfecti
584 614 669 657 apud
696 612 823 656 species
850 612 996 645 diversas
1022 611 1247 645 diversissime
1273 625 1308 645 se
1332 612 1462 652 habere,
1487 613 1531 645 ita
1557 620 1592 645 ut
1618 616 1723 647 sosiae
1747 615 1851 649 mino—

150 684 201 704 res
226 671 413 714 frequenter
437 682 498 702 ova
523 670 627 702 multo
652 671 774 702 maiora
801 682 912 713 parere
937 669 1067 713 possint
1091 682 1188 713 quam
1215 670 1342 713 species
1368 671 1520 703 maiores.

308 728 398 760 Haec
423 728 555 772 quidem
580 740 631 760 res
657 728 820 771 posterior
844 739 976 761 numero
1002 739 1140 759 ovorum
1168 727 1328 771 cuiusque
1354 728 1475 771 speciei
1502 728 1580 760 satis
1607 729 1798 771 declaratur,
1825 732 1851 764 si

151 787 332 819 secundum
357 785 499 818 mediam
523 785 769 829 proportionem
795 798 832 817 ac
857 784 1114 829 magnitudinem
1141 785 1271 817 solitam
1297 791 1539 829 computantur.
1576 787 1690 820 Sesiae
1715 801 1731 820 a
1756 790 1851 822 nobis

150 844 238 876 hunc
262 845 302 876 ad
325 844 422 876 finem
446 843 688 887 pervestigatae
713 843 833 875 haecce
865 856 926 875 ova
953 843 1156 875 obtulerunt:
1187 843 1356 885 apiformis
1387 844 1476 875 mille
1505 844 1556 876 vel
1584 845 1673 877 mille
1702 846 1852 886 ducenta,

151 902 339 934 asiliformis
365 901 551 945 quingenta,
578 900 810 944 sphegiformis
836 906 978 933 trecenta
1004 900 1249 944 quinquaginta,
1275 900 1497 944 hylaeiformis
1517 908 1647 935 centnm
1665 904 1779 936 decem
1802 905 1853 937 vel

152 965 282 992 centum
307 959 439 1003 viginti,
470 958 742 990 formicaeformis
774 964 804 990 et
830 958 1040 990 culiciformis
1067 963 1199 990 centum
1225 958 1460 1002 quinquaginta
1485 960 1536 991 vel
1562 960 1718 1000 ducenta,
1745 962 1852 1006 tipuli—

151 1017 267 1049 formis
293 1016 472 1060 sexaginta.
519 1016 602 1047 Hinc
627 1015 885 1059 magnitudinem
910 1028 1147 1059 numerumque
1178 1028 1315 1048 ovorum
1341 1016 1447 1050 elucet
1478 1029 1607 1061 semper
1637 1019 1853 1063 magnitudini

151 1074 354 1118 singulorum
378 1073 648 1105 animalculorum
673 1074 738 1106 fere
763 1080 914 1105 accurate
937 1074 1146 1117 respondere.

307 1131 359 1163 De
384 1131 490 1174 spatio
515 1131 685 1174 temporis,
712 1132 800 1174 quod
825 1132 864 1163 ab
892 1144 954 1163 ovo
980 1132 1135 1175 pariendo
1166 1143 1272 1175 nsque
1303 1132 1343 1163 ad
1369 1132 1591 1165 evolutionem
1617 1135 1758 1167 recentis
1784 1147 1852 1168 eru-

150 1201 207 1221 cae
230 1194 421 1233 praetereat,
447 1189 544 1221 sicuti
570 1189 609 1221 de
633 1189 745 1227 modo,
770 1201 835 1232 quo
861 1201 922 1221 ova
941 1189 1155 1233 deponantur,
1180 1189 1340 1221 nihildum
1358 1190 1541 1222 accuratius
1561 1192 1773 1225 observatum
1791 1199 1851 1225 est.

795 1516 1250 1582 LARV-As

310 1765 338 1807 ξ.
365 1764 394 1796 2.
441 1764 485 1796 Ut
509 1764 540 1795 in
566 1764 718 1796 omnibus
745 1765 946 1808 papilionum
971 1765 1094 1804 erucis,
1120 1765 1197 1797 item
1221 1765 1252 1797 in
1278 1766 1383 1797 erucis
1410 1766 1569 1799 sesiarum
1601 1767 1742 1810 primum
1768 1767 1849 1799 duas

153 1820 369 1853 discernimus
395 1827 503 1865 partes
529 1822 708 1866 primarias,
735 1828 832 1865 caput
858 1828 886 1854 et
912 1828 1075 1854 truncum.
1126 1823 1225 1868 Caput
1255 1824 1494 1866 propemodum
1527 1825 1617 1857 cordi
1644 1825 1801 1864 similem,
1833 1837 1849 1856 a

151 1883 242 1921 parte
267 1878 371 1910 antica
397 1880 571 1911 decussum
597 1880 740 1923 speciem
765 1880 872 1918 habet,
899 1879 930 1911 in
956 1892 1020 1924 quo
1047 1880 1215 1924 superiore
1240 1886 1349 1924 partes
1374 1881 1538 1926 vulgares,
1566 1883 1629 1914 duo
1656 1883 1771 1927 capitis
1797 1883 1850 1915 he-

152 1936 347 1980 misphaeria
373 1937 535 1980 posterius
561 1938 717 1982 angulum
743 1938 948 1981 occipitalem
973 1938 1161 1976 formantia,
1191 1938 1388 1982 triangulum
1413 1939 1551 1972 frontale
1576 1952 1650 1972 cum
1676 1941 1792 1985 clypeo
1819 1946 1850 1973 et

151 1993 238 2026 labio
264 1994 441 2038 superiore,
467 1995 690 2034 mandibulas,
715 2001 869 2027 antennas
897 2000 927 2026 et
958 1996 1082 2027 ocellos
1109 1995 1393 2039 deprehendimus.
1412 1998 1450 2039 ⁸⁸)
1498 1998 1531 2029 In
1563 1997 1669 2041 capite
1699 1998 1849 2031 inferiore

311 2161 334 2194 *)
359 2161 451 2194 Quum
472 2162 526 2187 iam
548 2161 591 2187 hic
613 2162 810 2196 contemplatio
833 2161 971 2196 generalis
994 2162 1121 2187 notitiam
1143 2162 1343 2197 magnitudinis
1366 2163 1512 2189 absolutae
1534 2163 1632 2189 insecti
1647 2164 1764 2198 perfecti
1785 2171 1847 2197 spe-

153 2207 204 2233 vici
226 2208 360 2243 cuiusque
381 2211 520 2245 requirat,
550 2210 673 2236 tabulam
699 2211 820 2245 partium
848 2218 1003 2236 mensuram
1029 2210 1207 2236 exhibentem
1233 2212 1374 2245 inspicias.
1419 2211 1550 2238 Ceterum
1577 2213 1704 2239 ordinem
1731 2221 1847 2237 ovorum

152 2255 204 2281 hoe
226 2256 287 2281 loco
309 2258 459 2284 secundum
481 2259 689 2284 decrescentem
711 2259 929 2293 magnitudinem
951 2259 1124 2293 singularum
1147 2259 1282 2286 sesiarum
1305 2260 1509 2286 constituimus.

312 2304 349 2338 **)
371 2305 476 2332 Erucas
498 2307 665 2341 perscrutati
687 2317 779 2334 sumus
803 2311 851 2333 aut
871 2307 958 2335 vivas,
981 2311 1029 2332 aut
1051 2307 1150 2341 spiritu
1172 2308 1228 2333 vini
1251 2312 1396 2339 eneeatas,
1420 2312 1468 2334 aut
1490 2309 1611 2343 denique
1635 2308 1794 2338 exhalatas,
1816 2312 1847 2333 ut

152 2353 238 2379 aiunt.
280 2352 442 2380 Postremae
463 2356 666 2389 simplicissima
687 2356 796 2381 ratione
818 2356 857 2380 sie
878 2359 1097 2389 praeparantur,
1125 2360 1156 2382 ut
1178 2360 1309 2382 contenta
1336 2365 1435 2383 erucae
1459 2366 1493 2383 ex
1516 2366 1568 2383 ano
1591 2357 1783 2390 exprimantur
1805 2360 1846 2381 at-

154 2410 207 2436 que
229 2402 256 2427 in
278 2401 349 2427 hum·
372 2402 476 2429 culmus
497 2404 615 2430 idoneus
644 2405 779 2438 (oryzae)
808 2404 969 2434 inducatur,
998 2404 1040 2430 cui
1069 2413 1118 2430 acu
1147 2406 1223 2431 tenui
1253 2406 1369 2431 exuviae
1392 2406 1551 2440 affiguntur.
1595 2404 1723 2431 Alterum
1744 2404 1846 2431 deinde

1602 2458 1610 2482 1
