2087 2777
967 123 1013 156 21

141 235 243 267 quum
267 223 406 255 feminae
431 235 529 255 sexus
556 228 727 266 segmento
753 228 871 255 octavo
896 224 1106 265 indicetur.*)
1155 225 1220 257 Res
1246 231 1372 266 autem,
1404 238 1443 258 ex
1473 238 1539 270 qua
1569 227 1648 259 haec
1675 240 1773 260 sexus
1798 228 1843 260 in—

139 280 259 312 dicatio
284 281 433 323 pendeat,
460 292 566 322 neque
590 281 628 311 ab
655 280 702 311 Cl.
730 281 926 324 Speyeris
959 282 1195 314 delineationes
1222 283 1410 315 Heroldii
1442 284 1674 327 allegantibus,
1707 297 1766 317 nec
1790 286 1841 318 his

140 338 412 370 delineationibus
437 337 517 379 ipsis
545 336 623 368 satis
649 336 811 368 illustrata
842 338 936 370 nobis
968 339 1106 370 videtur.
1154 340 1188 370 Id
1219 345 1345 371 tantmn
1375 353 1433 383 pro
1467 342 1635 384 explorato
1666 342 1839 382 habemus,

139 408 238 428 sexus
264 395 478 427 indicationes
504 407 520 425 a
545 394 643 432 larva,
669 406 775 437 neque
801 395 839 426 ab
865 395 1006 439 imagine
1031 408 1105 428 sese
1131 396 1356 429 conformante
1382 399 1546 440 proficisci
1572 400 1708 438 debere,
1736 406 1770 432 ut
1803 413 1841 433 ex

139 453 286 496 partibus
311 451 460 496 imaginis
486 452 682 496 genitalibus
708 452 954 484 considerandis
980 453 1115 496 patebit.

298 511 325 553 ξ.
352 511 402 542 15.
452 510 599 553 Spatium
623 511 780 554 temporis,
807 511 896 553 quod
922 511 1006 542 sesia
1032 511 1063 542 in
1089 517 1177 543 statu
1201 524 1308 555 pupae
1333 513 1490 555 persistit,
1515 525 1577 545 non
1604 527 1738 557 prorsus
1767 528 1841 547 con-

140 574 214 608 stat,
240 568 297 599 sed
322 567 535 610 aliquantum,
562 573 597 599 ut
621 567 759 606 videtur,
786 580 825 599 ex
851 567 988 599 diversis
1016 569 1268 612 tempestatibus
1295 569 1410 602 differt.
1459 570 1537 602 Sine
1569 572 1668 603 dubio
1696 573 1841 605 evolutio

139 637 245 668 pupae
270 624 383 656 calidis
410 631 441 657 et
466 625 584 668 apricis
611 625 725 657 diebus
752 625 846 657 valde
871 631 1062 665 maturatur,
1088 626 1213 658 necnisi
1239 640 1365 659 summa
1391 634 1551 671 urguente
1568 630 1766 662 necessitate
1791 630 1843 662 fri-

140 682 223 726 gidis
248 682 435 725 pluviisque
461 682 576 714 diebus
602 695 687 725 pupa
713 695 752 714 ex
784 683 951 715 domicilio
984 696 1044 715 suo
1076 684 1230 727 prorepit.
1278 684 1420 717 Proinde
1450 685 1529 717 alias
1563 686 1782 720 culicisormes
1810 693 1842 720 et

139 739 419 772 formicaeformes
446 740 545 771 modo
570 740 685 784 viginti
710 753 810 772 unum
836 741 886 773 vel
903 741 1019 785 viginti
1036 742 1131 779 duos,
1157 741 1236 773 alias
1262 741 1377 786 viginti
1403 749 1544 786 quatuor
1568 744 1618 775 vel
1645 744 1758 787 viginti
1786 758 1843 777 sex

140 796 208 829 dies
234 797 379 829 in'statu
404 810 510 841 pupae
541 798 736 829 commorari
768 799 992 841 compluribus
1024 805 1177 842 expertus
1211 812 1284 831 sum
1316 801 1614 833 observationibus.
1663 802 1729 833 Sed
1760 815 1843 846 quae

138 854 221 886 intra
246 855 310 886 hoc
336 861 465 898 tempus
493 855 689 899 papilionem
714 868 779 887 non
806 857 956 892 edebant,
983 869 1038 888 eac
1064 862 1211 889 mortuae
1236 863 1336 890 erant.
1373 858 1545 889 Simillima
1571 859 1717 891 omnium
1745 860 1843 892 sesia-

138 925 211 943 rum
235 912 398 944 minorum
423 912 568 945 conditio
596 925 669 945 esse
694 913 831 947 videtur,
859 914 1021 957 siquidem
1053 914 1260 957 tipuliformis
1292 915 1456 947 interdum
1485 916 1548 948 iam
1581 923 1658 960 post
1689 918 1843 949 duodevi-

140 970 220 1013 ginti
246 970 314 1002 dies
339 970 458 1013 prodit,
485 983 587 1014 quum
611 970 752 1002 maiores
780 971 895 1003 saltem
921 971 1035 1015 viginti
1063 984 1120 1003 sex
1145 972 1196 1003 vel
1221 973 1352 1016 triginta
1371 973 1516 1017 quinque
1541 974 1609 1006 dies
1636 976 1730 1006 adse
1755 975 1841 1007 evol-

138 1028 260 1059 vendas
286 1027 449 1070 requirere
474 1028 635 1060 videntur,
663 1028 755 1060 cuius
783 1035 888 1061 tamen
914 1029 959 1061 rei
985 1030 1079 1060 nobis
1107 1029 1357 1061 observationes
1384 1032 1653 1064 accuratissimae
1677 1045 1743 1064 uon
1769 1045 1841 1076 sup-

139 1090 265 1127 petunt.

299 1142 424 1175 Omnes
450 1156 556 1187 pupae
580 1144 612 1175 in
638 1144 805 1176 domicilio
831 1156 848 1175 a
873 1144 960 1176 larva
985 1144 1072 1175 hunc
1099 1145 1138 1176 ad
1163 1146 1259 1177 finem
1278 1146 1483 1189 peculiariter
1501 1153 1655 1190 apparato
1673 1148 1842 1186 recubant,

140 1200 229 1243 quod
255 1200 365 1242 specie
395 1201 531 1233 folliculi
557 1202 603 1233 uti
630 1202 724 1235 solet.
772 1202 835 1233 Ubi
865 1202 1027 1246 folliculus
1058 1208 1180 1241 exstat,
1212 1204 1404 1247 plerumque
1435 1204 1466 1236 in
1497 1205 1570 1247 ipso
1601 1205 1709 1237 larvae
1740 1205 1841 1237 veteri

140 1257 307 1289 domicilio
334 1258 428 1297 situs,
454 1272 526 1290 raro
553 1266 641 1291 extra
668 1260 700 1291 id
726 1260 756 1290 in
781 1260 881 1291 hmno
914 1260 965 1291 vel
995 1259 1026 1290 in
1058 1260 1180 1292 cortice
1210 1262 1362 1293 arborum
1397 1262 1457 1294 sub
1484 1275 1600 1294 musco
1626 1263 1841 1295 absconditus

138 1315 310 1348 invenitur.
359 1315 395 1347 Si
420 1316 451 1347 in
477 1317 584 1349 larvae
609 1317 711 1349 veteri
737 1319 834 1348 domo
861 1317 944 1348 situs
971 1323 1031 1356 est,
1057 1318 1137 1350 haec
1164 1331 1269 1362 usque
1300 1320 1339 1350 ad
1366 1325 1548 1352 extremum
1574 1321 1731 1352 corticem
1755 1321 1841 1363 plan-

138 1379 192 1405 tae
223 1373 417 1416 amplificata
448 1375 622 1417 reperitur,
654 1375 748 1407 cuius
780 1380 888 1406 tamen
918 1375 1024 1406 tenuis
1055 1376 1242 1408 membrana
1275 1382 1418 1409 extrema
1449 1378 1573 1422 integra
1605 1384 1724 1411 manet.
1772 1377 1841 1410 Hac

139 1443 216 1462 vcro
247 1431 383 1462 fortuito
415 1432 517 1471 laesa,
551 1439 606 1465 aut
636 1434 722 1465 larva
750 1433 779 1464 in
805 1433 915 1464 locum
940 1433 1119 1471 incidente,
1152 1434 1207 1477 qui
1232 1435 1357 1466 nullum
1383 1436 1522 1478 amplius
1550 1436 1706 1468 corticem
1731 1436 1839 1475 habet,

140 1493 271 1520 externa
296 1494 443 1531 apertura
470 1496 545 1522 neto
572 1497 666 1523 caute
692 1491 909 1523 concluditur.
945 1490 1040 1522 Nunc
1067 1492 1197 1523 denium
1223 1493 1308 1524 larva
1335 1494 1373 1524 ad
1398 1493 1581 1526 folliculum
1599 1495 1778 1538 parandum
1805 1506 1840 1525 se

141 1545 298 1589 accingit,
329 1546 384 1589 qui
415 1559 453 1578 ex
480 1550 622 1580 corrosis
650 1550 842 1592 plerumque
868 1549 997 1591 plantae
1027 1549 1195 1591 particulis
1226 1556 1296 1582 tum
1323 1551 1445 1594 magis,
1476 1557 1547 1583 tum
1572 1552 1680 1584 minus
1706 1552 1839 1584 firmiter

141 1604 384 1647 conglutinatur
409 1610 439 1636 et
466 1606 559 1638 cuius
585 1607 718 1638 interior
736 1607 885 1650 planities
905 1607 1003 1638 modo
1029 1607 1269 1649 perfectissimo
1296 1608 1355 1640 filis
1382 1608 1528 1641 investiri
1554 1611 1649 1649 solet,
1675 1622 1775 1653 quare
1803 1622 1839 1641 ea

141 1661 343 1692 albidissima
369 1669 510 1705 apparet,
558 1665 698 1705 Quando
723 1665 889 1696 folliculus
915 1664 1047 1696 tirmiter
1072 1666 1316 1709 conglutinatus
1343 1672 1402 1705 est,
1428 1667 1515 1699 idem
1539 1680 1596 1711 per
1622 1681 1657 1700 sc
1682 1671 1838 1700 constans

141 1731 181 1751 ex
206 1719 372 1750 domicilio
399 1720 495 1752 eximi
521 1728 637 1764 potest,
664 1722 756 1754 cuius
783 1734 916 1765 (pioque
942 1722 1068 1765 generis
1093 1723 1230 1755 folliculi
1256 1730 1332 1755 sunt
1357 1738 1373 1755 a
1398 1724 1496 1757 larvis
1518 1731 1605 1757 extra
1625 1727 1742 1757 domos
1762 1738 1838 1757 suas

140 1776 228 1809 facti.
276 1776 365 1808 Talis
391 1778 557 1812 folliculus
584 1786 713 1812 ovatam
739 1781 876 1812 formam
902 1781 975 1823 plus
1001 1780 1150 1813 minusve
1176 1782 1361 1825 elongatam
1391 1782 1519 1825 accipit.
1569 1785 1689 1815 Contra
1723 1783 1749 1815 si
1776 1783 1838 1815 sin-

143 1834 238 1878 gulae
262 1835 340 1878 ligni
366 1836 543 1877 particulae
567 1838 671 1870 laxius
699 1839 942 1882 conglutinatae
967 1844 1052 1877 sunt,
1078 1839 1202 1882 passim
1227 1840 1358 1883 quidem
1391 1841 1477 1883 apud
1506 1841 1678 1872 nonnullas
1711 1841 1837 1884 species

143 1892 328 1924 etiamnunc
354 1898 444 1925 totus
470 1895 634 1927 folliculus
660 1908 716 1938 per
742 1909 777 1928 se
802 1896 899 1927 eximi
924 1901 1050 1938 potest,
1085 1898 1140 1929 sed
1171 1898 1363 1941 plerumque
1393 1899 1575 1930 secundum
1599 1898 1838 1943 longitudinem

143 1961 235 1982 snam
263 1952 302 1982 ad
326 1950 425 1983 latera
451 1953 606 1984 domicilii
632 1966 670 1985 ex
696 1959 786 1996 parte
810 1966 874 1985 non
900 1954 995 1996 plane
1025 1955 1178 1987 evolutus
1204 1961 1269 1994 est,
1299 1967 1406 1999 neque
1435 1968 1505 1987 raro
1537 1955 1677 1999 parietes
1710 1962 1837 1989 tantum

300 2078 323 2111 ἦ)
348 2078 505 2113 Saginentis
528 2084 625 2105 octavo
648 2089 779 2115 nonoque
801 2081 916 2106 firmiter
943 2081 1079 2106 concretis
1106 2081 1243 2107 incisurae
1271 2091 1382 2116 quoque
1409 2091 1442 2107 ea.
1468 2086 1640 2116 separantes,
1662 2083 1836 2116 potissimum

144 2125 170 2149 in
193 2125 279 2150 latere
302 2127 443 2155 inferiore,
472 2127 545 2153 haud
572 2138 634 2153 raro
662 2129 720 2154 fere
747 2130 839 2155 nullae
867 2129 1084 2162 conspiciuntur,
1113 2131 1293 2163 quamobrem
1318 2131 1346 2155 in
1374 2139 1442 2155 sexu
1469 2131 1646 2156 decernendo
1669 2136 1763 2157 cautos
1785 2140 1834 2157 nos

144 2181 206 2198 esse
229 2179 349 2207 oportet,
372 2176 424 2201 nisi
452 2185 515 2202 eum
542 2178 693 2203 secundum
720 2178 950 2203 adminiculorum
979 2178 1168 2204 diversitatem
1195 2188 1280 2213 supra
1305 2182 1485 2204 memoratam
1513 2180 1683 2205 constituere
1710 2180 1835 2205 velimus.

145 2221 225 2252 Quae
250 2222 291 2248 Cl.
315 2223 466 2259 Speyeri
489 2225 515 2250 in
539 2225 642 2251 Okenii
664 2226 738 2252 Iside
761 2236 784 2252 a.
812 2227 894 2252 1³45.
916 2235 942 2260 p.
966 2227 1032 2252 803.
1056 2226 1217 2252 edixerunt:
1244 2227 1468 2262 „Ratzeburg
1493 2227 1542 2253 hat
1568 2228 1748 2259 beobachtet,
1772 2228 1835 2253 dass

145 2270 190 2295 bei
212 2279 308 2296 cossus
329 2272 489 2307 ligniperda
511 2274 567 2299 und
590 2275 662 2299 sesia
684 2275 826 2308 apiformis
849 2275 898 2299 das
920 2274 1074 2300 Weibchen
1097 2284 1131 2300 au
1153 2275 1222 2305 drei,
1246 2275 1295 2301 das
1310 2275 1466 2301 Mannchen
1489 2285 1541 2302 nur
1562 2286 1596 2302 an
1619 2285 1711 2302 zweeu
1725 2276 1835 2311 Ringen

145 2317 369 2352 Spitzenkriinze
393 2321 580 2355 (adminicula)
603 2324 705 2357 tragt,“
737 2331 769 2348 ea.
794 2323 885 2349 fateor
910 2332 953 2350 me
980 2332 1035 2348 non
1063 2324 1184 2358 assequi,
1211 2331 1261 2349 nee
1283 2323 1362 2356 mihi,
1385 2325 1461 2359 quod
1483 2325 1577 2356 doleo,
1600 2325 1759 2350 observatio
1783 2325 1834 2351 ista

144 2367 275 2393 innotuit.
318 2368 400 2394 Haud
428 2370 510 2396 dubie
537 2375 629 2396 autem
656 2372 700 2397 vel
728 2372 775 2405 qui
802 2371 849 2397 has
877 2381 965 2406 pupas
994 2372 1132 2398 levissime
1161 2373 1340 2406 spectaverit,
1369 2373 1444 2400 illam
1472 2374 1637 2400 sententiam
1658 2373 1834 2399 falsissimam

146 2423 207 2441 esse
231 2417 282 2441 sibi
305 2417 385 2442 fac-ile
408 2420 596 2451 persuadebit.
