2087 2777
944 107 993 142 57

124 215 154 246 in
180 220 234 255 Q):
261 219 392 246 externa
416 212 600 250 rotundata,
626 210 743 242 areolis
769 210 913 254 quinque
938 208 1132 252 composita,
1157 208 1258 252 prima
1285 208 1475 251 plerumque
1504 209 1633 241 minima
1659 210 1725 254 (fig.
1752 211 1817 253 74.)

125 272 322 315 saepiusque
348 270 492 314 squamis
518 268 674 301 cretaceis
700 273 767 299 tota
793 267 935 311 impleta.
973 268 1051 299 Alae
1068 266 1214 310 posticae
1239 266 1341 298 costis
1366 266 1515 309 lineaque
1539 267 1671 307 limbali‚
1696 268 1818 312 ubique

126 330 284 361 latissima
309 326 541 371 fusco-nigris,
565 325 645 357 infra
673 324 802 368 saepius
828 324 1061 357 albicantibus:
1088 329 1179 355 costa
1205 329 1389 355 transversa
1415 324 1520 356 antice
1544 325 1720 368 aequaliter
1745 326 1817 358 den-

126 387 193 419 sius
221 391 401 431 squamata,
427 383 554 427 postice
578 382 695 417 tenuis.
746 382 826 414 Filia
858 383 980 413 alarum
1010 381 1081 412 basi
1112 380 1240 412 cinereo
1272 381 1416 424 margine
1447 382 1605 414 exteriore
1636 383 1818 423 albicantia,

124 445 193 477 basi
218 444 418 488 posticarum
443 441 560 475 albida.

284 502 394 533 Coxae
418 500 655 537 fuscescentes,
680 498 805 530 amicae
829 497 908 529 infra
933 497 1056 535 niveae,
1082 495 1280 539 posteriores
1306 495 1379 538 pilis
1405 496 1486 527 albis
1511 497 1640 530 mixtae.
1680 499 1818 531 Femora

125 559 358 597 fuscescentia,
390 557 494 589 antica
525 556 605 588 infra
637 555 847 595 latescentia,
878 554 1060 598 posteriora
1091 553 1235 597 margine
1264 553 1424 586 anteriore
1454 555 1657 589 flavescente.
1705 556 1820 589 Tibiae

125 619 359 655 fuscescentes,
386 615 511 647 anticae
535 614 614 645 infra
640 614 872 652 flavescentes,
903 612 1102 656 posteriores
1135 611 1316 643 calcaribus
1348 611 1520 650 cretaceis,
1546 619 1635 655 parte
1659 614 1821 647 anteriore

126 681 259 708 externo
286 673 483 717 cinguloque
507 671 668 704 terminali
693 671 784 704 albis.
832 670 926 702 Tarsi
950 670 1186 707 fuscescentes,
1211 669 1289 701 infra
1315 670 1524 703 lutescentes.

283 731 453 762 Abdomen
478 729 740 772 fusco-nigrum,
766 740 861 772 snpra
888 728 1042 766 medium,
1068 727 1146 758 infra
1173 732 1278 759 totum
1301 727 1446 770 squamis
1464 728 1715 761 flavescentibus
1741 732 1821 770 (cre—

125 790 239 830 taceis)
265 789 414 827 mixtum,
441 787 618 831 segmentis
643 787 674 820 2.
698 787 728 819 4.
755 786 782 819 6.
808 797 904 828 snpra
935 785 1080 829 margine
1111 785 1293 827 posteriore
1317 784 1411 816 niveo
1437 786 1613 818 annulatis:
1644 786 1819 820 fasciculus

127 846 304 879 terminalis
330 846 534 883 fuscescenS,
561 856 656 886 supra
682 844 855 882 lateribus,
880 843 959 874 infra
984 843 1105 886 ubique
1129 842 1203 885 pilis
1230 842 1361 875 sordide
1386 843 1639 876 flavescentibus
1664 844 1797 877 mixtus

343 904 503 936 Varielas:
546 908 580 943 α)
606 901 799 933 Abdominis
831 906 998 945 segmenta
1025 901 1129 933 2—7.
1158 900 1285 943 postice
1315 900 1454 933 tenuiter
1483 900 1578 933 niveo
1609 901 1678 934 sive
1702 903 1822 934 ssavido

607 959 766 993 annulata,

541 1022 573 1059 β)
605 1017 773 1049 Abdomen
799 1016 881 1048 linea
906 1016 1041 1053 laterali,
1066 1016 1141 1053 lata,
1167 1015 1331 1054 distincta,
1357 1016 1563 1051 flavescente.

541 1080 579 1115 y)
604 1074 702 1106 Maris
729 1079 939 1106 antennarum
964 1072 1059 1116 pauci
1084 1078 1212 1105 tantum
1237 1073 1350 1105 dentes
1377 1073 1498 1106 aculeis
1524 1074 1689 1107 instructi:
1730 1088 1823 1108 areae

605 1138 671 1164 tres
696 1143 902 1175 pei-magnae,
929 1136 1080 1163 externae
1105 1130 1211 1163 areola
1237 1131 1348 1174 quinta
1375 1131 1491 1164 ceteris
1516 1144 1581 1164 non
1605 1133 1743 1166 brevior.

288 1192 385 1225 Unica
409 1191 490 1223 haec
516 1196 567 1222 est
596 1196 782 1222 nostrarum
814 1188 991 1227 sesiarum,
1023 1188 1116 1220 cuius
1148 1188 1304 1231 pristinos
1331 1194 1436 1222 status
1460 1190 1556 1233 plane
1579 1203 1644 1223 non
1670 1191 1821 1235 cognitos

128 1250 298 1281 habemus.
334 1249 407 1292 lpsa
432 1248 541 1292 imago
567 1260 583 1279 a
608 1247 715 1280 medio
741 1259 853 1279 mense
877 1246 967 1278 lunio
993 1258 1099 1289 usque
1123 1245 1345 1279 acl-ineuntem
1363 1248 1549 1291 Augustum
1568 1248 1709 1291 saepius,
1733 1261 1821 1292 prae-

129 1307 240 1340 sertim
264 1307 295 1338 in
322 1306 436 1339 caluna
461 1305 587 1349 vulgari
613 1305 767 1345 cernitur,
800 1305 858 1337 sed
890 1304 964 1336 alibi
990 1315 1138 1347 quoque,
1168 1303 1224 1335 ubi
1254 1304 1334 1336 haec
1359 1305 1467 1348 planta
1491 1318 1557 1338 non
1583 1311 1706 1345 exstat,
1735 1306 1822 1338 haud

127 1378 196 1396 raro
223 1364 363 1396 obvenit.

645 1468 694 1498 14.
742 1462 1210 1503 LEUFOSPIDIFORMIS‘)
1236 1465 1310 1492 mihi.

126 1526 251 1552 Lederer
278 1526 347 1559 (Ans
375 1526 428 1552 den
457 1525 694 1560 Verbandlungen
722 1525 771 1550 des
800 1523 1169 1559 zoologisch-botanischen
1198 1523 1316 1550 Vereins
1343 1524 1370 1549 in
1398 1523 1480 1551 Wien
1512 1525 1595 1556 1852,
1622 1534 1685 1560 pag.
1714 1525 1762 1559 84)
1790 1534 1823 1550 an

850 1573 945 1598 eadem
969 1572 1095 1607 species?

536 1630 870 1658 LEUCOPSIFORMIS
892 1630 984 1664 Esper
1007 1630 1036 1663 (l.
1060 1639 1082 1655 c.
1105 1630 1161 1655 tab.
1184 1628 1275 1655 XLII,
1297 1630 1345 1664 fig.
1370 1631 1417 1664 6.).

881 1708 1070 1751 Diaynosis.

286 1768 388 1800 Frons
413 1768 630 1812 nigro-aenea.
672 1768 839 1798 Antennae
864 1766 987 1796 alarum
1012 1765 1191 1796 anticarum
1210 1764 1359 1795 cellulam
1377 1763 1517 1796 mediam
1536 1764 1740 1808 longitndine
1756 1777 1821 1797 non

129 1831 340 1869 superantes,
366 1825 662 1869 violaceo-nigrae.
716 1825 816 1855 Areae
840 1822 986 1866 hyalinae
1011 1835 1130 1866 parvae
1155 1821 1413 1865 (longitudinalis
1437 1822 1469 1853 in
1497 1832 1515 1857 Ω
1543 1822 1659 1864 nulla),
1690 1828 1821 1854 externa

128 1884 231 1916 tribus
265 1889 391 1915 tantum
424 1883 541 1915 areolis
573 1882 757 1926 composita
788 1881 853 1925 (fig.
883 1881 933 1914 (58.
962 1881 1015 1922 C.).
1070 1881 1239 1912 Abdomen
1270 1879 1533 1923 fusco-nigrum,
1562 1880 1652 1912 vittis
1683 1885 1824 1923 quatuor

129 1941 285 1973 cretaceis
312 1940 463 1981 (dorsali‚
494 1940 648 1978 ventrali,
680 1940 806 1971 duabus
831 1938 1049 1980 lateralibus),
1082 1944 1252 1982 segmento
1278 1939 1308 1969 4.
1340 1949 1437 1980 snpra
1469 1937 1611 1981 margine
1640 1938 1824 1981 posteriore

129 2005 278 2031 cretaceo
304 1999 474 2030 annulato:
500 1998 676 2031 fasciculus
703 1996 879 2029 terminalis
905 1995 1126 2039 fusco-niger,
1151 1995 1182 2026 in
1208 2000 1232 2027 α’
1257 1995 1367 2038 strigis
1394 1995 1520 2027 duabus
1546 1995 1732 2027 lateralibus
1758 2008 1821 2028 me-

127 2057 244 2100 diaque
275 2057 442 2089 cretaceis.

286 2216 309 2249 ⁹⁶)
332 2215 481 2241 Vetustum
502 2213 603 2247 Esperi
631 2221 730 2238 nomen
753 2209 999 2247 Zeucopsiformis
1021 2211 1074 2236 iam
1096 2210 1223 2236 Zellerus
1246 2214 1273 2235 et
1294 2209 1453 2236 Ledererus
1475 2219 1536 2236 eum
1559 2206 1821 2246 leucospidiformi

135 2268 283 2289 nmtarunt.
324 2264 350 2289 A
371 2263 499 2289 Fabrieio
521 2263 784 2298 hymenopterorum
808 2269 903 2295 genus.
927 2260 1000 2285 unde
1022 2258 1074 2285 hoc
1096 2267 1195 2284 nomen
1221 2258 1371 2292 repetitum
1397 2262 1448 2289 est,
1476 2256 1628 2295 leucospis
1649 2257 1818 2291 appellatum

129 2317 179 2339 est,
204 2321 274 2346 quae
296 2321 350 2337 vox
372 2321 432 2337 eum
456 2321 489 2337 ex
512 2309 623 2345 λευκός
645 2314 673 2336 et
694 2306 790 2343 ἆσπὶς
816 2309 970 2342 composita
997 2316 1057 2333 esse
1085 2307 1222 2337 videatur,
1248 2307 1362 2340 proprie
1391 2304 1543 2344 leucaspis
1571 2307 1623 2333 dici
1646 2306 1738 2332 debet.
1780 2306 1819 2331 At

128 2370 223 2386 omnes
244 2360 507 2395 hymenopterologi
530 2368 628 2386 nomen
651 2358 790 2392 leueospis
812 2357 954 2391 hueusque
977 2360 1131 2387 servarunt,
1154 2356 1332 2390 quamobrem
1353 2355 1428 2381 illam
1451 2356 1549 2382 sesiam
1571 2363 1624 2380 non
1647 2355 1733 2380 ausim
1754 2351 1819 2381 leu-

129 2407 376 2446 caspidisormem
398 2417 566 2442 nuncupare
584 2409 647 2434 licet
660 2408 728 2433 haee
751 2408 839 2432 forma
861 2406 896 2431 sit
918 2405 1028 2431 rectior.

1591 2456 1606 2480 S
