2087 2777
1041 119 1090 154 54

379 230 455 260 Alae
480 227 614 265 anticae,
641 224 786 268 partibus
813 222 1009 266 squamatis,
1040 220 1343 264 violaceo-nigrae,
1374 219 1474 251 fascia
1507 219 1668 251 terminali
1699 221 1809 265 strigis
1841 222 1921 253 auri-

220 286 359 319 elialceis
388 298 444 318 sex
470 290 596 323 ornata,
628 283 707 315 infra
740 280 884 324 margine
916 279 1076 312 anteriore
1106 278 1324 322 interioreque
1349 278 1452 311 ssavis.
1500 277 1615 309 Fascia
1645 278 1751 309 media
1779 279 1920 323 oblonga

219 345 269 376 vel
294 344 460 387 quadrata,
485 341 630 384 margine
647 340 806 372 exteriore
831 344 933 377 recto,
959 336 1136 369 terminalis
1154 336 1324 375 latissima,
1349 336 1477 379 postice
1494 336 1603 379 paullo
1623 335 1803 379 angustior.
1838 338 1920 368 Area

218 408 349 434 externa
376 402 526 442 oblonga,
552 410 717 442 nunquam
743 398 914 440 quadrata,
947 395 1063 427 areolis
1095 393 1240 437 quinque
1265 394 1464 437 composita,
1497 393 1608 436 quinta
1634 393 1828 425 brevissima
1856 394 1921 438 (fig.

219 462 269 493 72.
294 460 356 501 Ε).
392 459 468 490 Alae
494 456 641 500 posticae
666 455 768 487 costis
792 455 943 497 lineaque
961 452 1093 491 limbali,
1119 452 1182 483 lata
1201 451 1492 494 violaceo-nigris,
1516 451 1596 482 infra
1614 451 1820 484 aurichaleeo
1846 452 1920 495 plus

217 517 366 549 minusve
391 514 595 558 conspersis:
621 519 713 545 costa
739 518 922 544 transversa
948 510 1054 542 autice
1071 510 1102 541 in
1120 509 1273 551 trianguli
1289 509 1427 540 formam
1448 514 1630 551 squamata,
1656 509 1784 552 postice
1801 509 1920 549 tenuis,

217 575 304 606 intus
329 572 474 616 margine
499 576 655 604 excavato
682 570 868 614 [angulato]
897 569 963 612 (fig.
991 569 1041 601 72.
1066 568 1131 608 D.).
1173 566 1254 598 Cilia
1280 567 1404 598 alarum
1428 565 1530 598 nitide
1555 566 1692 606 cinerea,
1718 567 1920 611 postiearum

216 632 310 664 basin
336 643 450 663 versus
477 630 593 662 albida.

376 690 486 720 ('oxae
513 686 817 729 ‹·.‘1ei·uleo—11ig1·ae,
849 684 975 716 anticae
1007 689 1101 715 extus
1135 682 1234 726 striga
1260 682 1354 716 flava.
1401 683 1538 714 Femora
1565 682 1842 727 caeruleo-nigra,
1869 696 1920 715 an-

218 747 278 779 tica
304 747 384 778 infra
410 745 626 778 flavescentia.
668 743 780 775 Tibiae
804 742 929 774 auticae
955 742 1068 779 flavae,
1095 753 1191 784 supra
1217 740 1601 784 violaceo-nigricante&
1626 741 1828 783 posteriores
1853 741 1920 773 vio-

216 804 454 847 laceo-nigrae,
480 802 659 834 calcaribus
686 801 787 839 ssavis,
814 800 940 832 mediae
965 800 1051 831 intus
1078 800 1305 837 flavescentes,
1331 798 1481 841 posticae
1511 798 1619 830 medio
1651 798 1810 843 apiceque
1834 800 1919 832 ssavo

217 863 409 907 cingulatae.
457 860 549 893 Tarsi
575 861 800 897 flavescentes,
826 871 923 901 supra
947 857 1097 897 violacei,
1122 858 1207 889 ssavo
1234 856 1400 900 cingulati.

375 919 546 951 Abdomen
573 916 888 959 caeruleo-nigrum,
915 915 1094 959 segmentis
1122 918 1149 948 1.
1174 920 1205 947 ct
1230 916 1260 947 2.
1287 914 1398 958 strigis
1425 914 1613 946 lateralibus
1639 914 1749 953 ssavis,
1780 916 1810 947 2.
1835 916 1864 947 4.
1891 916 1921 949 6.

218 979 261 1020 (in
288 989 310 1015 5*
337 979 433 1011 etiam
460 978 502 1017 7.)
530 988 636 1019 supra,
662 977 691 1008 4.
716 975 796 1006 infra
814 974 960 1018 margine
977 973 1159 1017 posteriore
1185 973 1270 1005 ssavo
1295 972 1481 1017 cingulatis,
1507 974 1537 1005 5.
1564 972 1593 1006 6.
1619 973 1665 1013 (in
1683 982 1706 1008 0*
1725 985 1859 1016 quoque
1878 974 1920 1015 7.)

217 1037 296 1069 infra
322 1035 458 1068 maculis
484 1034 681 1071 lateralibus,
706 1033 817 1065 ssavis:
843 1032 1021 1064 fasciculus
1049 1031 1226 1063 terminalis
1253 1030 1534 1074 caeruleo-niger.

374 1094 483 1127 Larva
510 1092 611 1124 semel
636 1091 756 1123 hiemat
781 1096 813 1122 et
838 1091 867 1122 in
893 1089 991 1121 ramis
1018 1089 1095 1121 ribis
1121 1089 1210 1121 rubri
1236 1094 1268 1121 et
1291 1088 1375 1133 nigri
1401 1093 1634 1126 commoratur,
1660 1088 1692 1120 in
1711 1088 1831 1132 quibus
1856 1101 1921 1121 me-

217 1152 278 1183 diis
304 1152 389 1183 viam
415 1151 476 1182 sibi
501 1150 604 1182 munit
629 1148 866 1193 longissimam,
893 1149 1102 1180 solummodo
1128 1147 1273 1180 medullo
1300 1158 1374 1179 sese
1400 1152 1600 1178 sustentans.
1648 1148 1682 1179 In
1708 1153 1817 1179 meatu
1842 1147 1921 1179 inte-

216 1210 299 1241 riore
325 1213 529 1241 excrementa
556 1208 665 1239 colore
689 1207 782 1239 fusco
809 1213 840 1239 et
864 1220 981 1252 granea
1008 1206 1165 1250 qualitate
1189 1206 1298 1237 lutosa
1322 1205 1526 1248 reperiuntur
1543 1205 1760 1244 accumulata,
1787 1206 1843 1237 sed
1870 1217 1922 1237 ex-

220 1273 268 1299 tra
304 1272 447 1299 meatum
482 1267 627 1298 nondum
663 1265 791 1297 inventa
829 1271 914 1297 sunt.
973 1265 1169 1297 Follieulum
1197 1263 1407 1307 tipuliformis
1438 1262 1484 1294 illi
1513 1263 1785 1295 formicaeformis
1823 1263 1921 1296 simil-

217 1325 330 1357 limum
356 1324 476 1362 condit,
502 1324 556 1355 ubi
581 1324 681 1355 scrme
706 1330 852 1356 extremo
879 1336 991 1355 mense
1015 1323 1102 1355 Maio
1127 1322 1179 1355 vel
1204 1321 1363 1365 principio
1388 1320 1470 1352 Iunii
1494 1321 1526 1352 in
1551 1334 1671 1365 popam
1697 1321 1772 1354 abit.

376 1384 468 1426 Papa
492 1383 584 1421 flava,
610 1394 767 1424 processu
794 1381 939 1413 verticali
971 1381 1079 1412 cordis
1114 1380 1258 1423 speciem
1288 1380 1480 1423 praebente,
1506 1379 1598 1422 apice
1624 1380 1762 1415 obtuso,
1789 1379 1919 1411 frontali

217 1440 325 1474 bifido.
371 1440 665 1482 llletapodotheeae
689 1440 741 1471 fini
768 1452 873 1483 pupae
891 1439 1064 1482 posteriori
1082 1438 1223 1470 maxime
1241 1437 1502 1481 approximatae:
1529 1450 1610 1481 quas
1630 1443 1822 1481 sequuntur,
1850 1450 1920 1481 spa-

218 1498 264 1529 tio
289 1498 462 1541 perspicuo
487 1497 667 1531 interiecto,
693 1498 1021 1541 catagnatliotheeae,
1055 1502 1123 1528 tum
1148 1496 1466 1539 mesopodothccae,
1499 1495 1616 1527 deinde
1640 1495 1851 1539 pterothecae
1876 1500 1921 1527 at-

219 1568 282 1598 quc
307 1555 540 1590 ceratotbeeae,
566 1556 647 1587 iuter
673 1568 707 1587 se
732 1556 797 1588 fere
823 1556 985 1599 aequales,
1013 1554 1153 1598 (lenique
1178 1554 1285 1597 spatio
1310 1553 1506 1597 longissimo
1532 1554 1810 1596 propodotbeeae.
1861 1554 1921 1585 Ga-

219 1613 424 1645 sterothecae
449 1619 615 1656 segmenta
641 1614 748 1645 3—-7.
774 1613 805 1644 in
832 1623 872 1648 0⁷⁸.
905 1614 1012 1646 3-6,
1042 1613 1074 1644 in
1099 1622 1117 1648 ῼ
1139 1612 1346 1644 adminiculis
1373 1612 1502 1643 duobus
1528 1611 1704 1643 instructa:
1742 1624 1919 1655 processus

220 1671 326 1703 anales
354 1677 381 1703 et
410 1684 505 1714 supra
532 1677 561 1703 et
588 1671 665 1703 infra
691 1677 842 1714 quatuor.

376 1730 499 1773 Ima-qo,
524 1729 577 1761 hic
603 1730 764 1772 frequens,
791 1729 822 1760 in
846 1729 955 1761 lucem
980 1728 1089 1773 prodit
1113 1740 1226 1760 mense
1250 1727 1353 1760 Iunio.

897 1878 1122 1911 STIRPS
1163 1880 1238 1922 B.*)

378 1960 540 1992 Articulus
566 1959 737 2002 palporum
762 1959 928 1991 labialium
954 1959 1082 1992 medius
1109 1960 1309 1992 terminalem
1334 1971 1397 1990 una
1424 1964 1455 1991 et
1481 1959 1612 1991 dimidia
1639 1959 1842 2003 longitudine.
1869 1972 1918 1991 su-

222 2028 336 2059 peraus
363 2016 427 2060 (fig.
445 2018 518 2058 25).
556 2018 637 2049 Area
655 2016 864 2049 cuneisormis
882 2017 1153 2061 longitudinalem
1172 2017 1375 2050 extrinsecus
1395 2017 1568 2061 perspicue
1587 2029 1742 2061 superans
1762 2017 1826 2061 (fig.
1847 2019 1919 2058 70.).

223 2076 317 2113 (Area
342 2074 584 2117 longitudinalis
610 2075 641 2106 in
665 2074 793 2107 feminis
821 2087 919 2118 saepe
944 2075 1052 2117 nulla.)

381 2214 405 2247 ³⁸)
428 2214 520 2240 Mares
543 2215 696 2248 specierum
718 2216 812 2250 stirpis
834 2215 914 2241 huius
937 2216 1063 2241 attributi
1086 2216 1171 2251 vulgo
1193 2216 1302 2242 feminis
1324 2216 1443 2242 maiores
1467 2219 1538 2242 sunt.
