2087 2777
1056 110 1106 145 24

238 223 436 266 lepidoptera
474 218 618 262 squamis
655 216 804 246 obtectae
841 219 931 245 511111.
968 213 1084 244 iisdem
1121 223 1160 243 ex
1193 217 1284 254 parte
1320 216 1467 249 careant,
1504 210 1592 254 quod
1631 209 1712 241 iufra
1748 209 1854 242 fusius
1889 221 1936 242 re-

240 278 460 312 tractabimus.

394 335 552 367 Diversus
579 331 666 364 color
691 330 775 372 apud
802 328 904 360 565135
931 327 1047 359 obvius
1072 327 1237 358 rarissime
1261 331 1389 358 tantum
1415 338 1488 358 cum
1515 326 1642 358 diversa
1666 325 1861 357 formatione
1884 338 1937 358 ex-

239 401 402 426 ternorum
428 394 690 435 tegumentorum
717 387 883 419 cohaeret.
915 385 971 418 5611
997 390 1108 416 mutua
1135 383 1204 415 eius
1229 383 1311 416 ratio
1336 385 1369 416 in
1402 384 1540 417 diversis
1565 384 1712 428 partibus
1739 382 1937 426 organisque

237 451 386 495 imaginis
412 449 496 492 apud
523 447 656 479 63011601
684 445 825 488 speciem
856 449 925 475 tum
951 442 1041 485 plus,
1073 448 1143 473 tum
1169 441 1276 473 minus
1307 448 1464 474 constans
1494 448 1637 485 apparet.
1691 441 1762 473 Nos
1788 440 1936 484 inprimis

237 510 268 541 in
294 507 454 541 nonnullis
480 505 625 548 partibus
650 503 808 535 rationem
840 501 927 532 illam
952 512 1109 543 perquam
1139 504 1346 532 constantem
1371 499 1575 537 invenimus,
1605 512 1687 543 quas
1719 499 1750 530 in
1777 498 1938 531 sesiarum

238 566 409 609 speciebus
436 562 658 595 discernendis
684 559 855 603 praecipue
885 557 1106 600 respiciendas
1139 569 1212 589 esse
1245 557 1386 599 posthac
1417 556 1636 589 monebimus.
1688 557 1722 588 In
1746 556 1937 589 universum

237 630 344 655 autem
369 622 496 654 colores
522 633 578 663 per
603 632 637 650 se
661 617 771 649 multis
798 618 837 648 (16
863 615 970 647 causis
996 615 1027 646 in
1054 615 1214 647 5651311101
1233 614 1407 658 speciebus
1425 614 1610 646 accuratius
1637 614 1854 647 diiudicandis
1879 613 1938 645 cri-

238 681 352 712 terium
377 678 574 722 pessimum,
606 682 635 708 61
663 676 687 707 si
715 675 904 718 plerumque
929 685 1028 704 unum
1055 673 1201 704 omnium
1226 672 1533 705 manifestissimum
1560 677 1645 704 sunt.
1694 672 1826 704 Etenim
1851 672 1938 716 apud

238 737 382 781 singulas
414 736 539 779 species
577 734 705 777 egregie
742 732 921 763 variantur.
960 736 1027 762 tum
1058 731 1256 773 procedente
1292 735 1441 773 tempore
1477 717 1675 773 frequenter‘
1700 730 1936 773 expallescunt‚

238 795 377 838 denique
406 794 556 825 notiones
588 791 753 823 coloribus
786 789 979 821 subiunctae
1003 788 1099 820 nimis
1132 787 1319 820 arbitrariae
1351 793 1442 826 sunt,
1480 800 1577 832 quam
1608 794 1645 820 ut
1676 788 1777 831 proba
1809 787 1935 820 criteria

238 852 390 885 litteraria
423 851 525 894 accipi
550 849 687 893 possint.
743 848 910 879 Praeterea
940 846 1036 878 001115
1068 845 1313 889 reputantibus,
1350 857 1448 889 quam
1479 845 1574 878 facile
1605 845 1651 877 illi
1682 846 1810 878 colores
1839 846 1937 878 iuter-

239 911 345 942 cidere
369 915 499 953 (11163111,
523 913 636 951 utpote
661 906 715 949 qui
739 905 838 936 modo
857 916 896 936 ex
921 904 1062 935 externis
1087 903 1288 948 tegumentis
1306 903 1501 946 plerumque
1524 903 1694 936 laxissime
1718 903 1936 936 insidentibus

239 967 389 1010 suspensi
416 967 488 1005 51111,
514 966 680 1009 aliquanto
705 963 807 1006 magis
834 962 931 994 etiam
956 974 1093 993 0666556
1119 974 1193 994 6556
1217 962 1330 1005 liquet,
1356 961 1416 993 alia
1442 961 1570 994 criteria
1596 961 1779 994 constantia
1804 961 1937 998 investi,

239 1025 316 1069 gari.
365 1025 429 1057 Sed
455 1036 552 1067 quum
578 1023 727 1066 primum,
751 1020 940 1052 facillimum
966 1026 997 1051 et
1017 1031 1114 1062 saepe
1140 1019 1305 1051 sufficiens
1324 1019 1489 1052 criterium
1508 1020 1598 1052 color
1616 1019 1815 1063 suppeditet,
1839 1019 1936 1051 nobis

239 1081 535 1114 discriminantibus
561 1092 688 1123 semper
712 1078 925 1121 gravissimus
952 1077 1019 1110 erit.

396 1140 422 1176 δ.
457 1140 506 1172 17.
554 1138 601 1169 Ad
635 1143 807 1179 utrumque
839 1135 954 1178 capitis
984 1136 1069 1167 latus
1106 1135 1138 1166 in
1168 1141 1294 1178 partem
1324 1136 1488 1179 posticam
1520 1136 1585 1167 dno
1621 1135 1762 1167 maiores
1798 1135 1938 1168 tabulati

240 1197 323 1230 oculi
345 1196 497 1239 applicati
522 1201 607 1234 sunt.
632 1207 770 1238 quorum
794 1194 897 1225 forma
923 1194 1078 1225 deorsum
1103 1199 1214 1231 ovata,
1245 1206 1375 1225 sursum
1400 1199 1471 1224 tum
1495 1192 1586 1236 plus.
1612 1198 1682 1225 tum
1707 1193 1816 1225 minus
1842 1205 1938 1225 coan-

239 1260 368 1299 gustata
394 1253 608 1297 (pyrisormis)
634 1258 693 1291 651,
718 1258 753 1283 01
778 1251 809 1283 111
835 1251 941 1294 capite
967 1250 1197 1295 sphegiformis
1222 1251 1276 1295 fig.
1297 1252 1347 1284 12.
1367 1253 1398 1285 d.
1423 1251 1586 1283 videmus.
1625 1251 1722 1294 Apud
1747 1251 1939 1294 apiformen,

238 1312 519 1355 lapliriaesormem
545 1317 573 1343 ct
599 1310 808 1342 asiliformem
834 1309 896 1341 ista
918 1309 1148 1353 coangustatio
1172 1309 1238 1342 fere
1262 1321 1327 1342 non
1358 1309 1521 1341 invenitur
1546 1314 1576 1340 et
1603 1308 1690 1340 oculi
1714 1309 1938 1352 hylaeiformis

238 1382 341 1413 paene
364 1381 498 1413 prorsus
525 1368 696 1401 orbiculati
720 1373 818 1410 atque
842 1366 956 1405 etiam,
989 1372 1024 1398 ut
1050 1367 1118 1399 eius
1145 1372 1244 1410 caput
1273 1367 1382 1399 minus
1408 1366 1723 1410 praetermittamus,
1752 1366 1823 1398 aliis
1850 1378 1938 1399 com-

237 1427 356 1470 paratis
382 1427 524 1459 minores
550 1432 634 1460 sunt.
681 1425 801 1458 Colore
826 1425 912 1457 oculi
938 1430 1014 1457 sunt
1037 1424 1131 1457 fusce
1156 1425 1262 1469 nigro,
1288 1431 1431 1457 attamen
1456 1437 1521 1457 non
1546 1436 1619 1456 raro
1645 1424 1764 1456 clarius
1792 1424 1940 1457 distincti

238 1491 269 1517 et
294 1485 416 1528 passim
442 1486 522 1517 adeo
548 1485 579 1516 in
603 1490 673 1515 toto
700 1483 800 1515 altero
819 1482 952 1514 dimidio
972 1482 1125 1515 clariores
1146 1495 1245 1526 quam
1268 1483 1301 1515 10
1327 1483 1430 1515 311610
1447 1482 1663 1526 reperiuntur,
1690 1482 1777 1525 quod
1804 1482 1939 1526 quidem

239 1543 368 1575 nonnisi
392 1543 527 1575 fortuito
551 1542 618 1574 fieri
644 1540 834 1573 censuerim.
887 1541 971 1584 Ipsis
998 1552 1095 1583 super
1120 1541 1224 1573 oculis
1250 1541 1345 1584 plane
1374 1540 1539 1584 posterius
1569 1540 1723 1571 collocati
1747 1545 1825 1572 sunt
1849 1541 1939 1574 ocelli

239 1606 435 1639 (stemmata,
460 1614 491 1633 v.
519 1600 573 1644 fig.
600 1600 649 1632 12.
680 1603 736 1640 e.).
773 1598 828 1642 qui
853 1599 938 1642 apud
970 1598 1048 1631 alias
1081 1599 1208 1642 species
1239 1598 1336 1630 etiam
1361 1598 1527 1642 aliquanto
1557 1597 1699 1629 maiores
1729 1610 1828 1641 quam
1851 1598 1939 1641 apud

240 1659 316 1691 alias
343 1671 416 1691 esse
440 1658 604 1697 videntur2
642 1658 698 1690 sed
728 1657 850 1700 ubique
880 1656 1017 1688 formam
1049 1656 1265 1689 orbiculatam
1293 1656 1389 1689 valde
1414 1668 1597 1688 convexam
1626 1655 1748 1688 habent.
1777 1661 1808 1688 et
1832 1655 1938 1688 consi-

242 1716 358 1748 stentia
383 1722 459 1749 sunt
481 1716 614 1760 limpida
638 1716 689 1747 vel
715 1715 859 1747 subflava
884 1726 1042 1758 perquam
1065 1714 1238 1758 pellucida.
1277 1716 1465 1757 Angustum
1491 1714 1579 1758 quod
1604 1713 1687 1745 inter
1713 1713 1837 1746 ocellos
1862 1725 1938 1746 ocu—

242 1774 355 1817 losque
384 1774 556 1807 intercedit
586 1773 725 1816 spatium
752 1784 880 1816 semper
908 1772 1032 1804 nudum
1059 1778 1119 1811 651,
1153 1772 1239 1805 51601
1264 1773 1380 1805 oculos
1405 1772 1497 1815 ipsos
1523 1771 1793 1815 angustissimus,
1817 1771 1938 1809 nudus,

243 1843 306 1863 non
330 1832 492 1864 tabulatus
517 1843 629 1875 margo
655 1831 764 1864 ambit.

399 1890 557 1933 Suprema
589 1888 704 1932 capitis
733 1901 808 1933 pars
824 1892 848 1931 ’)
879 1896 985 1922 vertex
1015 1894 1152 1920 vocatur
1181 1891 1224 1929 (v.
1253 1889 1308 1933 fig.
1335 1888 1384 1922 12.
1411 1890 1458 1930 a.)
1489 1893 1521 1920 et
1551 1887 1728 1931 plurimum
1759 1886 1938 1918 admodum

245 1947 402 1991 elongatis
429 1947 573 1991 squamis
599 1952 783 1978 antrorsum
808 1946 940 1979 directis
966 1946 1113 1986 (culicis.)
1139 1951 1289 1979 contecta
1319 1952 1369 1978 est
1394 1948 1436 1985 (v.
1454 1945 1507 1989 fig.
1527 1947 1577 1977 77.
1595 1957 1625 1979 u.
1644 1944 1706 1986 last),
1731 1955 1815 1988 quae
1839 1943 1938 1976 etiam

245 2005 330 2048 apud
354 2005 477 2048 aliquot.
494 2005 618 2049 species
644 2005 744 2048 (apis.)
772 2004 850 2036 setis
876 2004 999 2036 similes
1025 2004 1179 2037 existunt.
1218 2003 1463 2047 Nonnunquam
1487 2003 1653 2047 posterius
1671 2001 1846 2046 utrobique
1871 2003 1937 2034 duo

246 2063 319 2095 cirri
343 2068 479 2101 exstant,
504 2075 641 2106 quorum
665 2063 793 2106 longae,
818 2062 948 2105 saepius
974 2061 1066 2094 aliter
1091 2062 1254 2094 coloratae
1280 2067 1369 2094 setae
1386 2062 1626 2105 propemodum
1649 2065 1756 2092 totum
1780 2059 1938 2092 verticem

247 2126 430 2152 :introrsum
461 2121 624 2163 obtegunt.
683 2120 822 2152 Prorsus
852 2120 884 2151 in
918 2119 1032 2163 capitis
1058 2125 1149 2163 parte
1179 2119 1379 2163 posteriore,
1410 2119 1449 2150 ab
1475 2118 1577 2151 altero
1609 2117 1791 2162 posteriore
1817 2118 1936 2149 cantho

247 2178 395 2210 inferiore
420 2177 484 2221 (fig.
512 2178 560 2211 12.
585 2182 621 2219 c.)
646 2178 683 2209 ad
710 2177 847 2210 alterum
870 2177 1101 2220 proficiscens,
1132 2182 1292 2209 anoustus
1324 2176 1466 2208 decurrit
1493 2175 1615 2208 limbus
1643 2175 1790 2208 nonnihil
1821 2176 1937 2214 elatus,

1174 2203 1193 2222 ο

248 2236 302 2280 (101
325 2234 528 2279 longioribus
554 2234 631 2266 setis
657 2235 721 2278 (fig.
747 2237 797 2268 77.
819 2235 871 2280 ρ’.)
904 2247 1000 2279 saepe
1031 2235 1236 2278 peculiariter
1267 2234 1423 2267 coloratis
1447 2233 1605 2273 vestitus,
1636 2234 1826 2266 nominatim
1851 2245 1938 2277 pone

406 2366 429 2399 ²³)
452 2364 912 2392 Herrichius-Schaesferus
934 2366 1004 2392 hanc
1025 2370 1133 2400 partem
1156 2365 1279 2403 occiput
1300 2370 1450 2400 nuncupat.
1479 2365 1523 2392 Ex
1545 2375 1601 2400 qua
1622 2365 1761 2401 analogia,
1782 2373 1834 2391 nos
1854 2364 1937 2399 igno-

252 2421 350 2438 ramus.
373 2422 454 2447 quum
478 2413 504 2438 in
527 2413 603 2439 nullo
627 2414 735 2438 animali
757 2414 875 2440 frontem
898 2415 1007 2448 occiput
1029 2415 1158 2450 excipiat.
