2087 2777
975 123 1025 158 33

150 238 245 258 versa
277 226 343 269 (fig.
370 226 422 258 56.
448 231 482 260 ἓ.
508 224 565 265 δ’.)
597 226 697 256 modo
727 225 821 256 valde
845 225 934 256 vario
968 226 1100 258 evoluta
1125 232 1191 262 estz
1217 228 1358 270 ‘semper
1382 228 1413 259 in
1440 234 1562 271 partem
1590 230 1753 272 posticam
1778 243 1853 263 cum

154 289 246 315 costa
273 284 423 315 cellulam
453 282 593 315 mediam
625 282 787 313 formante
811 283 1008 325 peculiarem
1034 283 1206 315 constituit
1235 285 1407 327 angulum,
1445 297 1541 328 quem
1567 288 1719 330 anyulum
1744 295 1854 322 trans-

152 342 304 374 versale‘m
329 341 392 384 (fig.
420 340 471 372 56.
496 342 537 380 ο.)
562 350 680 371 vocare
704 340 821 382 placet.
871 341 972 372 Costa
997 342 1027 372 2.
1054 353 1092 372 ex
1119 341 1235 372 cellula
1260 342 1365 373 media
1393 354 1521 386 semper
1546 349 1619 375 ante
1643 344 1729 377 hunc
1755 358 1853 390 angu-

152 399 219 431 lum
245 397 497 431 transversalem
529 396 673 428 exoritur
703 403 734 429 et
765 399 850 441 apud
882 398 1129 441 hylaeiformem
1161 398 1245 430 inter
1269 404 1397 431 costam
1430 403 1456 433 1.
1488 406 1518 432 ct
1545 403 1572 433 1.
1605 414 1629 434 c.
1659 403 1853 435 tenuissima

151 457 284 500 insuper
309 460 400 487 costa
427 454 492 498 (fig.
518 454 570 486 61.
591 458 634 495 η.)
659 455 814 494 nascitur,
840 467 923 498 quae
948 456 1033 498 apud
1059 467 1173 487 omues
1200 457 1302 488 sesias
1329 462 1453 489 ceteras
1480 458 1691 493 desideratur.
1732 461 1855 493 Costae

151 515 181 547 3.
208 520 239 545 et
264 515 292 546 4.
319 517 374 544 aut
397 513 484 555 pone
508 511 616 554 ipsum
642 512 796 556 angulum
829 513 1080 545 transversalem
1110 513 1174 557 (fig.
1200 515 1266 557 56.)
1293 515 1503 557 proveniunt,
1535 521 1589 547 aut
1613 528 1720 559 usque
1745 518 1784 548 ad
1810 518 1853 549 di-

152 571 288 603 midium
312 570 379 602 fere
403 581 466 600 una
492 569 523 601 in
550 569 650 612 stirpe
674 570 803 602 iunctae
828 577 914 609 sunt,
940 576 995 602 aut
1020 577 1112 603 costa
1137 572 1178 610 3,,
1203 572 1249 603 uti
1274 572 1315 611 2.,
1341 572 1403 604 iam
1429 572 1575 604 nonnihil
1600 579 1673 605 ante
1698 575 1853 618 angulum

153 627 408 660 transversalem
441 626 561 666 (asilif.‚
590 640 618 661 v.
653 627 705 671 fig.
733 629 797 669 59.)
823 628 976 672 gignitur.
1032 630 1133 661 Costa
1159 631 1188 663 5.
1221 629 1344 673 ubique
1375 642 1415 661 ex
1439 629 1509 673 ipsa
1543 636 1635 661 costa
1666 637 1851 664 transversa

153 685 270 718 evadit,
296 697 379 728 quae
403 685 468 717 hoc
492 685 567 717 loco
592 685 785 728 plerumque
811 686 966 730 exiguum
984 686 1083 718 efficit
1107 687 1262 731 angulum
1281 699 1386 730 eoque
1410 687 1442 718 in
1460 692 1585 730 partem
1603 690 1797 721 anteriorem
1822 696 1854 722 et

151 743 368 787 posteriorem
395 742 603 786 dispescitur.
630 755 713 786 quae
736 755 801 775 non
826 756 898 775 raro
923 744 1064 776 multum
1090 744 1285 787 discrepant.
1340 745 1441 776 Costa
1467 746 1496 779 6.
1522 757 1600 778 vero
1626 747 1754 789 propi-ic
1779 760 1855 780 con—

151 801 288 833 tinuatio
315 806 365 833 est
390 800 561 832 cuiusdam
586 813 689 843 paene
714 800 743 832 in
770 801 839 833 alae
864 802 934 833 basi
965 802 1120 833 oriundae
1151 807 1263 834 costae
1294 802 1506 835 tenuissimae
1536 809 1635 847 atque
1663 805 1702 835 ab
1729 816 1764 836 ea
1791 806 1853 837 dis-

151 859 236 891 cedit
261 864 353 890 costa
380 864 575 896 transversa,
604 864 640 890 ut
664 858 716 902 fig.
742 860 794 890 57.
820 859 914 891 valde
939 860 1158 902 augmentatis
1185 859 1287 891 costis
1312 859 1409 891 huius
1434 861 1535 903 partis
1562 861 1729 904 apiformis
1755 864 1853 894 maui-

149 917 258 948 festat.
307 916 407 948 Costa
433 916 462 947 6.
487 916 664 958 plurimum
690 917 788 948 modo
815 917 875 948 sub
902 917 969 948 alae
995 917 1120 960 apicem
1146 917 1232 949 clare
1256 923 1400 960 apparet⁷
1425 919 1580 961 quoniam
1606 931 1679 962 pars
1706 919 1775 951 eius
1802 932 1852 951 an-

151 974 250 1006 terior
274 974 334 1005 sub
360 973 428 1004 alae
453 973 600 1016 posticae
626 986 757 1005 sursum
783 974 1022 1006 circumvoluto
1052 975 1198 1017 margine
1229 974 1390 1007 anteriore
1415 975 1476 1007 sita
1503 982 1563 1008 est.
1614 977 1649 1008 ln
1675 989 1736 1020 qua
1763 983 1853 1020 parte

151 1031 386 1064 circumvoluta
413 1031 509 1062 etiam
528 1037 619 1063 costa
640 1033 668 1063 7.
694 1032 836 1063 decurrit
861 1037 892 1064 et
917 1032 1001 1074 apud
1028 1032 1154 1075 species
1172 1031 1324 1070 maiore&
1349 1037 1385 1064 ut
1402 1033 1540 1072 videtur,
1566 1039 1731 1077 praeterea
1755 1035 1853 1079 longe

151 1089 278 1120 tenuior
303 1094 394 1120 costa
419 1090 450 1121 8.
504 1089 617 1133 Margo
647 1089 788 1121 anterior
818 1090 888 1133 ipse
912 1089 1041 1121 nonnisi
1074 1102 1208 1133 prorsus
1240 1089 1271 1121 in
1301 1090 1373 1121 basi
1406 1091 1467 1122 sub
1498 1091 1671 1123 clationem
1704 1093 1853 1124 aculeum

152 1145 320 1178 retinaculi
345 1146 500 1178 ferentem
525 1158 642 1178 versus
668 1147 748 1179 liber
773 1147 891 1181 existit,

310 1203 434 1236 Omnes
460 1204 622 1248 margines
648 1205 769 1236 alarum
800 1210 867 1236 tam
891 1205 1092 1248 posticarum
1110 1217 1209 1248 quam
1226 1205 1405 1237 anticarum
1430 1211 1561 1238 tenuem
1584 1213 1700 1251 gerunt
1724 1213 1853 1240 costam

151 1265 310 1303 (venam),
342 1261 374 1292 iu
399 1273 496 1305 quam
528 1268 681 1297 cunctae„
712 1275 794 1306 quas
820 1262 1006 1301 attulimus,
1039 1267 1167 1300 costae7
1199 1263 1346 1305 exceptis
1378 1263 1491 1306 utique
1522 1264 1624 1296 costis
1656 1265 1850 1297 transversis

150 1325 278 1357 exeunt,
303 1319 334 1350 id
360 1320 449 1362 quod
475 1320 577 1352 costis
603 1320 729 1363 liquore
753 1321 897 1363 quodam
922 1320 1049 1352 iniectis
1077 1319 1218 1352 dilucide
1243 1320 1417 1352 cernimus.

309 1377 468 1420 Hyalinae
492 1383 617 1420 partes,
648 1390 730 1420 quas
756 1377 787 1409 in
812 1378 870 1410 alis
898 1378 1055 1410 sesiarum
1082 1377 1322 1421 conspicimus,
1352 1378 1383 1410 in
1414 1378 1473 1410 alis
1503 1378 1641 1421 posticis
1673 1391 1851 1422 nunquam,

149 1434 181 1466 in
207 1434 265 1466 alis
289 1433 404 1466 anticis
431 1446 560 1477 semper
583 1441 653 1466 tum
678 1436 768 1478 plus,
800 1441 870 1468 tum
895 1436 1002 1467 miuus
1030 1435 1209 1479 squamulis
1236 1436 1396 1475 minimis,
1424 1436 1643 1474 tenuissimis,
1668 1436 1852 1480 pellucidis,

150 1491 362 1523 subrotundis
388 1492 514 1524 velatae
540 1498 615 1524 sunt
641 1492 706 1536 (fig.
733 1495 782 1526 77.
808 1505 837 1537 9.
862 1494 916 1535 Ῐι.).
966 1493 1035 1525 Hae
1061 1493 1252 1536 squamulae
1275 1493 1444 1525 laxissime
1472 1499 1598 1525 tantum
1622 1494 1655 1526 in
1681 1495 1852 1537 superficie

148 1549 306 1588 insident,
337 1561 436 1593 quare
460 1550 612 1583 facillime
641 1551 854 1589 intercidunt,
885 1551 974 1594 quod
998 1550 1115 1594 partim
1140 1550 1204 1582 iam
1229 1550 1369 1593 imagine
1398 1563 1415 1583 e
1438 1563 1525 1594 pupa
1550 1557 1745 1595 prorepente
1768 1553 1850 1584 acci-

148 1607 206 1645 dit,
231 1607 285 1638 ubi
310 1613 436 1649 praeter
461 1620 515 1640 eas
541 1608 638 1640 etiam
664 1608 756 1651 copia
783 1620 993 1651 squamarum
1018 1608 1151 1639 aliarum
1177 1608 1207 1639 in
1234 1620 1335 1639 vacua
1360 1621 1467 1652 pupae
1489 1609 1617 1640 valvula
1643 1608 1849 1651 inveniturf)

148 1664 288 1705 Quando
313 1665 453 1697 maxime
478 1666 508 1697 in
534 1665 735 1709 marginibus
768 1665 970 1709 singularum
1001 1677 1147 1697 arearum
1179 1665 1382 1708 hyalinarum
1406 1666 1565 1705 resident,
1595 1666 1849 1709 pulcherrimum

147 1721 314 1763 proferunt
340 1722 547 1765 splendorem
573 1723 802 1766 aeruginosum
829 1723 878 1755 vel
905 1722 1171 1766 amethystinum.
1224 1723 1330 1754 Etiam
1354 1729 1462 1766 partes
1489 1724 1558 1756 alae
1582 1725 1730 1767 posticae
1755 1738 1849 1769 squa-

147 1778 208 1809 mis
234 1791 370 1822 prorsus
397 1785 543 1812 carentes
568 1780 600 1811 in
625 1786 711 1812 certa
738 1781 876 1824 quadam
902 1780 984 1812 lucis
1009 1780 1185 1812 reflexione
1215 1780 1412 1823 peculiarem
1438 1788 1596 1826 spargunt
1620 1782 1758 1815 nitorem
1784 1784 1848 1827 ple-

148 1848 288 1879 rumque
325 1849 483 1880 cyaneum
514 1838 566 1870 vel
597 1838 791 1870 violaceum.
845 1839 980 1870 Ceterae
1008 1843 1117 1881 partes
1155 1838 1381 1882 squamigerae
1415 1839 1655 1872 diversissimas
1693 1852 1848 1884 squamas

149 1893 298 1932 offerunt,
324 1906 461 1937 quarum
485 1895 607 1927 formas
632 1895 818 1938 primarias>
849 1896 962 1939 quales
988 1895 1019 1927 iu
1043 1895 1154 1927 fasciis
1180 1896 1394 1939 reperiuntur,
1423 1896 1475 1939 fig.
1503 1898 1552 1929 77.
1575 1909 1605 1941 p.
1632 1910 1661 1942 q.
1686 1898 1847 1941 exprimit.

148 1951 249 1983 Porro
282 1964 316 1990 s.‚
341 1960 372 1991 t„
396 1964 426 1985 u.
453 1965 606 1996 squamas
632 1958 809 1991 costarum,
840 1965 883 1989 n..
907 1964 933 1985 r.
961 1965 1116 1996 squamas
1140 1953 1244 1985 lineae
1275 1952 1416 1985 limbalis
1442 1959 1473 1986 et
1504 1954 1553 1991 e‘.,
1578 1954 1644 1994 m‘.,
1669 1955 1715 1989 η’.
1741 1956 1847 1988 varias

151 2021 303 2052 squamas
330 2009 479 2041 ciliorum
503 2010 655 2042 referunt.

306 2067 507 2099 Distributio
537 2072 647 2099 autem
677 2080 886 2111 squamarum
921 2068 953 2099 in
983 2067 1042 2100 alis
1079 2068 1196 2099 anticis
1233 2068 1442 2100 vehementer
1474 2068 1580 2101 differt
1610 2075 1641 2101 et
1671 2070 1844 2112 plurimum

150 2124 244 2156 valde
268 2124 406 2169 insignis
432 2131 493 2164 est,
518 2125 629 2157 colore
654 2137 763 2157 earum
788 2125 892 2156 multo
916 2125 1023 2157 minus
1050 2125 1222 2157 eminente.

307 2183 356 2214 Ad
387 2188 535 2215 exactam
566 2194 643 2214 vero
677 2182 930 2226 descriptionem
962 2188 991 2214 et
1022 2182 1266 2214 distinctionem
1299 2183 1498 2227 singularum
1535 2184 1716 2228 specierum
1747 2190 1845 2228 atque

151 2240 233 2271 adeo
264 2239 467 2284 singulorum
499 2252 652 2284 generum
683 2252 840 2283 perquam
870 2240 1091 2272 necessarium
1121 2245 1189 2278 est,
1226 2239 1388 2273 diversam
1419 2241 1655 2285 squamationis
1685 2241 1844 2274 rationem

308 2370 332 2404 a)
355 2369 398 2395 De
420 2371 480 2396 alae
501 2371 627 2404 partibus
649 2380 703 2397 non
726 2371 908 2405 squamigeris
931 2370 1062 2404 deinceps
1085 2371 1210 2396 dieentes
1232 2371 1299 2397 istas
1316 2380 1443 2406 squamas
1460 2372 1625 2406 comparatis
1642 2372 1704 2398 aliis
1721 2373 1843 2407 squamis

152 2419 249 2445 solidis
270 2419 353 2453 plane
374 2419 636 2452 praetermittemus.
679 2419 730 2444 His
753 2420 889 2453 oppositis
911 2419 973 2444 illas
995 2425 1140 2455 squamas
1162 2419 1241 2445 nobis
1263 2418 1379 2447 vitreas
1402 2429 1501 2447 vocare
1524 2421 1596 2446 licet.

1614 2473 1629 2499 5
