2087 2777
1069 113 1119 148 60

993 260 1185 304 Descriptio.

407 334 596 379 Magnitudo
621 338 644 364 ο*
670 332 912 370 23””“-28““’“,
936 340 955 366 Ω
980 332 1224 364 28“”“-32”““.

408 396 526 426 x'ortex
557 396 588 422 et
623 390 711 421 frons
743 388 1010 433 caeruleo-nigra,
1043 388 1147 420 lituris
1180 389 1306 421 duabus
1337 395 1412 422 ante
1443 390 1557 422 oculos
1591 391 1744 423 tenuibus
1775 391 1943 425 cretaceis,

249 452 345 486 Oculi
381 448 592 492 fusco-nigri.
641 449 805 479 Antennae
845 446 990 478 articulis
1027 447 1069 478 4ss
1104 447 1319 490 compositae,
1357 448 1657 492 caeruleo-nigrae,
1682 449 1755 493 plus
1793 448 1944 481 minusve

248 510 392 555 squamis
417 505 728 551 purpurascentibus
754 504 941 547 (praecipue
965 503 997 534 in
1022 509 1046 535 εἰ·
1071 509 1167 535 extus
1192 510 1224 536 et
1248 504 1340 545 infra)
1367 516 1575 547 conspersae,
1601 506 1739 538 articulo
1766 506 1872 538 basali
1896 506 1942 539 in-

248 569 292 601 sra
318 568 522 599 flavescente.
570 563 660 606 l'atpi
685 562 895 600 lutescentes,
921 561 1059 593 articulo
1084 560 1189 592 basali
1218 561 1397 605 medioque
1420 567 1516 594 extus
1542 562 1634 606 nigri,

405 622 585 655 Prothorax
609 620 708 652 nitide
732 618 999 662 caeruleo-niger,
1025 618 1176 662 utrInque
1201 623 1275 650 ante
1300 619 1429 663 tegulas
1455 625 1486 652 et
1507 632 1603 663 supra
1630 632 1729 653 coxas
1748 621 1942 654 flavescens.

246 681 457 715 Mesothorax
483 677 745 721 eaeruleo-niger,
771 689 867 720 supra
893 676 967 720 pilis
1001 676 1090 708 canis
1123 675 1263 714 mixtus,
1295 676 1396 708 fascia
1428 677 1627 710 flavescente
1659 679 1764 710 media
1797 678 1942 722 (saepius

247 740 299 772 vix
324 737 515 783 perspicua)
550 735 710 779 lineisque
746 735 871 766 duabus
908 733 1214 778 longitudinalibus,
1255 734 1360 772 ssavis,
1397 735 1536 767 scutello
1575 735 1745 779 separatis,
1794 736 1940 780 'regulae

247 796 530 839 caeruleo-nigrae,
555 793 654 825 fascia
679 791 860 836 posteriore
884 792 965 823 ssava
1001 792 1072 835 (fig.
1104 792 1185 833 34.).
1233 791 1440 824 Metathorax
1472 792 1740 837 caeruleo-niger,
1770 793 1843 837 pilis
1875 794 1944 825 lon—

248 854 406 899 gissimis,
431 852 630 890 lateralibus,
655 849 919 888 flavescentibus,
946 849 1078 882 mixtus.

405 911 482 942 Alae
507 909 642 947 amicae,
666 908 812 952 partibus
831 907 1022 951 squammis,
1042 919 1139 951 supra
1156 907 1392 947 fuseescentes,
1411 908 1512 940 dense
1529 908 1714 952 ferrugineo
1732 920 1942 951 conspersae,

247 974 368 1013 puncto
394 967 495 999 basali
519 979 630 1010 parvo,
656 966 750 1004 ssavo,
777 965 891 1004 costis,
916 965 1018 997 fascia
1043 971 1243 1004 transversa,
1272 978 1364 998 areae
1394 965 1641 1010 longitudinalis
1674 965 1802 997 macula
1826 965 1943 1010 nigris:

247 1027 326 1058 infra
352 1038 455 1069 usque
480 1026 518 1056 ad
544 1024 685 1056 medium
711 1024 922 1061 lutcscentes,
948 1023 1064 1055 deinde
1083 1022 1292 1067 nigricantes‚
1311 1023 1421 1068 strigis
1441 1023 1708 1062 cuneiformibus,
1727 1023 1943 1056 exterioribus

248 1084 353 1116 luteis.
401 1083 513 1115 Fascia
545 1082 649 1114 media
682 1081 927 1124 terminalisque
958 1080 1128 1115 latissima.
1177 1082 1279 1113 Areae
1308 1081 1458 1125 hyalinae
1484 1080 1665 1125 squamulis
1691 1081 1821 1121 vitreis,
1855 1094 1944 1115 aeru-

248 1141 362 1186 ginose
388 1140 645 1184 splendentibus,
670 1139 836 1183 impletae:
863 1151 955 1171 areae
979 1138 1226 1184 longitudinalis
1256 1151 1330 1182 pars
1361 1138 1502 1171 exterior
1526 1139 1558 1171 in
1581 1144 1600 1170 Ω
1627 1139 1758 1182 saepius
1785 1152 1850 1172 nou
1875 1152 1943 1183 per-

247 1199 374 1243 spicua:
400 1210 472 1230 area
498 1202 628 1230 externa
653 1196 769 1229 areolis
795 1196 899 1229 tribus
925 1197 1122 1240 composita,
1148 1197 1255 1229 areola
1280 1196 1383 1241 prima
1409 1197 1526 1229 ceteris
1559 1196 1613 1228 vix
1637 1196 1734 1229 latior
1758 1203 1790 1229 et
1814 1197 1944 1241 longior

248 1258 313 1301 (fig.
338 1257 415 1298 66).
462 1256 540 1288 Alae
570 1255 716 1299 posticae
747 1254 849 1287 costis
879 1254 1030 1298 lineaque
1061 1255 1195 1293 limbali,
1227 1254 1335 1287 antice
1363 1254 1523 1287 latissima
1554 1254 1843 1299 violaceo-nigris,
1869 1255 1943 1299 plus

247 1315 396 1347 minusve
421 1313 688 1345 flavescentibus:
714 1318 806 1345 costa
831 1318 1016 1346 transversa
1042 1313 1159 1345 ceteris
1184 1312 1314 1345 tenuius
1341 1318 1523 1357 squamata.
1563 1312 1643 1344 Cilia
1662 1312 1785 1345 alarum
1803 1312 1944 1345 cinereo-

248 1372 347 1416 uigra,
374 1371 575 1415 posticarum
598 1371 691 1403 basin
716 1382 831 1402 versus
858 1370 1078 1403 flavescentia.

406 1430 518 1462 Coxae
542 1428 825 1473 caeruleo-nigrae.
872 1429 1007 1461 Femora
1026 1428 1294 1473 caeruleo-nigra,
1316 1427 1407 1472 apice
1425 1428 1645 1467 flavescentia,
1666 1428 1849 1472 posteriora
1867 1440 1947 1460 mar-

252 1488 325 1532 gine
354 1487 513 1520 anteriore
543 1487 734 1530 ferruginea.
781 1485 896 1518 Tibiae
927 1486 1230 1531 caeruleo-nigrae,
1260 1486 1347 1519 intus
1380 1486 1571 1525 ochraeeae,
1601 1485 1802 1530 posteriores
1834 1486 1943 1519 medio

248 1545 404 1588 apiceque
428 1544 501 1588 pilis
527 1544 762 1577 lutescentibus
788 1544 919 1583 mixtae,
944 1545 1125 1577 calcaribus
1150 1545 1260 1578 luteis.
1308 1543 1403 1576 Tarsi
1428 1555 1526 1587 supra
1558 1544 1831 1588 caeruleo-nigri,
1856 1544 1944 1577 luteo

248 1603 406 1634 annulatI:
432 1602 509 1634 infra
535 1603 631 1634 antici
656 1602 816 1641 ochracei,
842 1602 962 1645 postiCi
987 1603 1170 1647 ferruginei.

409 1661 574 1692 Abdomen
600 1660 903 1704 caer[ileo-nigrum,
934 1661 1112 1705 segmentis
1147 1666 1175 1694 1.
1207 1666 1238 1693 et
1267 1661 1297 1693 2.
1328 1660 1410 1698 basi,
1441 1661 1469 1694 3.
1501 1659 1569 1700 (vix
1600 1659 1705 1703 apice)
1732 1661 1761 1693 4.
1786 1661 1816 1692 5.
1842 1660 1872 1692 6.
1899 1659 1944 1700 (iu

249 1723 272 1750 d·
297 1730 428 1762 quoque
454 1719 493 1759 7.)
518 1723 608 1761 parte
633 1717 814 1761 posteriore
839 1718 922 1750 ssavo
949 1719 1139 1762 cingulatis:
1166 1723 1374 1762 segmentum
1400 1719 1428 1750 7.
1453 1717 1484 1749 in
1508 1721 1527 1748 Ω
1553 1716 1623 1748 basi
1641 1717 1943 1761 caeruleo-nigrum,

249 1775 448 1819 marginibus
474 1775 601 1818 postico
626 1775 698 1819 pilis
728 1775 820 1808 ssavis
854 1776 1061 1816 instructum,
1094 1779 1124 1810 8.
1155 1776 1187 1808 in
1212 1781 1236 1808 ὀ·
1260 1775 1420 1807 fasciculo
1454 1774 1615 1807 terminali
1646 1775 1747 1813 ssavo,
1773 1775 1843 1807 basi
1868 1775 1941 1819 pilis

251 1833 347 1877 nigris
375 1833 487 1864 mixto.

407 1891 513 1924 Larva
538 1903 634 1922 unam
658 1896 744 1923 certe
769 1891 909 1923 hiemem
935 1892 1094 1937 transigit,
1120 1898 1152 1924 et
1175 1892 1207 1924 in
1231 1890 1396 1923 radicibus
1421 1891 1492 1922 rubi
1517 1890 1600 1923 idaei
1626 1896 1743 1923 exstat.
1792 1890 1937 1922 Primum

250 1947 280 1978 in
306 1947 374 1979 eius
399 1948 534 1979 alburno
561 1960 633 1980 sese
658 1949 763 1991 pascit
788 1955 819 1981 et
845 1949 948 1981 serius
975 1951 1105 1982 demum
1135 1950 1167 1982 in
1198 1949 1366 1982 interiores
1400 1949 1526 1981 radices
1560 1949 1732 1981 tuberosas
1763 1948 1938 1992 immigrat.

250 2005 362 2035 Ferme
387 2017 497 2037 mense
521 2005 606 2037 Maio
632 2006 681 2037 vel
707 2007 797 2038 Iunio
822 2007 854 2039 iu
878 2007 1064 2040 interiorem
1091 2021 1228 2052 scapum
1252 2007 1483 2039 mortificatum
1509 2006 1667 2046 ascendit,
1692 2018 1789 2050 quem
1809 2006 1939 2050 longius

250 2074 305 2104 per
330 2062 469 2104 spatium
494 2069 639 2102 excavat,
664 2064 718 2096 ubi
745 2064 814 2097 sine
836 2071 911 2097 neto
937 2078 1102 2110 quoquam
1129 2066 1257 2099 circiter
1281 2070 1427 2098 extremo
1459 2076 1572 2097 mense
1601 2064 1693 2096 Iunio
1727 2064 1778 2096 vel
1809 2064 1940 2096 ineunte

251 2119 329 2151 {ulio
355 2119 385 2150 in
411 2132 529 2162 pupam
555 2122 810 2156 transformatur.

408 2178 499 2221 Papa
523 2184 682 2218 castanea,
707 2192 867 2223 processu
890 2182 1035 2214 verticali
1059 2182 1255 2221 lanceolato,
1279 2181 1408 2213 frontali
1426 2181 1537 2224 longo,
1554 2179 1680 2218 conico,
1699 2185 1807 2211 acuto.
1840 2180 1937 2213 Meta-

252 2234 455 2277 podotheeae
485 2235 538 2266 fini
569 2248 672 2279 pupae
700 2238 875 2281 posteriori
905 2239 1047 2272 maxime
1077 2240 1337 2284 approximatae:
1369 2251 1449 2283 quas
1482 2243 1672 2281 sequuntur,
1706 2237 1812 2282 spatio
1838 2238 1936 2282 longo

251 2291 447 2331 intermisso,
472 2294 679 2335 pterothecac
705 2301 735 2327 et
759 2297 1069 2339 mesopodothecae,
1095 2303 1165 2330 tum
1190 2297 1296 2341 spatio
1321 2297 1407 2329 haud
1437 2295 1545 2328 miuus
1574 2296 1673 2340 longo
1699 2296 1936 2335 ceratotheeae,

253 2349 376 2387 deinde7
403 2350 508 2392 spatio
534 2351 623 2383 brevi
654 2351 830 2392 interiecto,
862 2355 1130 2398 propodothecae
1161 2361 1192 2388 et
1223 2353 1553 2399 catagnathothecae,
1585 2366 1669 2398 quae
1698 2354 1782 2387 inter
1817 2366 1853 2387 se
1881 2354 1936 2386 vix
