2087 2777
994 118 1043 154 27

168 235 247 256 vero
273 222 400 255 articuli
424 222 627 266 longitudine
652 220 855 263 aliquantum
879 221 1082 260 increscunt,
1112 223 1221 265 quoad
1253 222 1382 255 circiter
1407 224 1467 255 sub
1495 224 1578 255 duos
1606 225 1737 258 trientes
1764 227 1866 260 totius

170 280 384 324 longitudinis
409 286 567 311 antennae
592 277 761 309 latitudine
786 277 926 309 multum
951 284 1144 322 augescunt,
1170 280 1227 311 sed
1254 280 1322 311 eius
1347 281 1422 312 loco
1449 282 1665 315 crassitudine
1689 285 1868 317 admodum

172 339 367 370 decrescunt
392 343 423 369 et
447 336 542 379 plane
568 335 628 366 sub
654 335 749 366 finem
775 335 873 367 etiam
899 336 1085 367 crassitudo
1118 337 1212 368 valde
1244 337 1486 372 comminuitur.
1534 338 1726 373 Postremus
1752 343 1867 374 articu-

170 396 233 434 lus,
259 395 412 429 articulus
437 392 609 426 terminalis
634 392 701 436 (fig.
723 393 771 425 14.
795 398 842 435 y.)
868 404 1026 436 perquam
1051 393 1196 424 eminens
1223 399 1282 432 est,
1309 395 1479 438 elongatus
1505 403 1535 428 et
1561 398 1629 429 sola
1653 406 1786 442 excepta
1813 400 1869 444 hy—

171 453 329 486 laeiformi
353 451 461 494 longis
487 451 567 484 setis
592 450 750 483 munitus.
797 450 940 482 Minores
967 456 1056 482 setae
1082 451 1315 494 magnitudinis
1341 452 1449 484 variae
1481 454 1511 485 in
1536 455 1686 487 inferiore
1711 463 1868 489 antennae

170 512 270 544 latere
295 515 456 553 prostant,
481 508 656 552 praecipue
682 509 742 540 sub
768 508 875 541 finem.

329 568 377 599 Ab
404 566 550 599 articulis
577 572 685 598 autem
718 571 876 598 antennae
906 566 1045 598 feminae
1077 566 1201 598 articuli
1234 573 1393 599 antennae
1424 569 1521 600 maris
1554 583 1751 615 magnopere
1782 585 1867 605 rece-

170 628 259 664 dunt,
285 625 339 668 qui
364 624 518 668 peculiari
552 636 609 655 sua
642 629 803 655 structura
835 624 928 655 valde
959 624 1104 667 insignes
1134 624 1289 658 existunt.
1338 626 1404 657 Sed
1436 627 1591 660 articulus
1624 629 1744 661 basalis
1771 636 1869 673 atque

170 682 348 715 terminalis
374 682 405 714 in
432 694 511 713 sexu
537 687 678 724 utroque
703 680 890 713 conformes
917 688 992 713 sunt,
1017 688 1044 713 et
1073 683 1263 725 praesertim
1296 684 1392 715 medii
1424 685 1532 716 solum
1557 686 1682 718 articuli
1708 688 1868 730 processi-

169 742 230 773 bus
257 740 396 772 eminent
425 740 485 771 sub
510 740 606 770 tinem
632 738 825 770 creberrime
851 739 917 770 cito
950 740 1226 773 decrescentibus,
1274 741 1338 782 Qui
1371 754 1548 784 processus
1581 744 1753 776 disticham
1786 758 1868 778 sem-

169 811 226 842 per
251 798 368 830 seriem
398 797 547 829 ciliorum
580 802 726 840 gestant,
757 809 898 840 quorum
931 802 1037 829 tamen
1066 798 1238 842 longitudo
1270 798 1493 831 diversissima
1525 813 1598 833 esse
1628 807 1748 845 potest.
1802 803 1868 835 Has

168 868 246 888 vero
272 855 467 887 variationes
494 854 616 897 optime
647 854 740 885 nohis
775 854 909 897 picturis
942 861 1153 887 antennarum
1184 856 1321 888 marimn
1348 857 1567 897 declaramus,
1599 865 1755 891 antennas
1781 861 1868 892 semi-

169 926 281 946 narum
309 914 427 945 missas
452 912 620 949 facientes,
646 912 801 955 quoniam
828 912 934 944 minus
961 913 1182 956 praeeminent
1207 920 1237 945 et
1264 915 1385 958 ubique
1403 915 1482 947 satis
1502 916 1687 949 conformes
1714 918 1869 952 existunt.

327 970 473 1002 Primum
499 969 597 1013 igitur
622 969 759 1001 marium
785 977 941 1003 antennas
960 972 1136 1014 peclinalas
1162 973 1292 1005 breviter
1317 973 1442 1006 cilialas
1466 974 1634 1012 videmus,
1659 975 1715 1006 ubi
1739 976 1868 1009 medius

169 1029 309 1073 quisque
333 1028 490 1059 articulus
517 1028 671 1058 deorsum
697 1033 723 1059 et
753 1027 930 1059 introrsum
956 1028 1118 1060 lamellam
1143 1029 1204 1061 fert
1223 1036 1287 1061 tam
1312 1031 1456 1074 longam,
1483 1037 1539 1063 aut
1556 1032 1660 1064 multo
1686 1033 1869 1077 longiorem

169 1098 265 1130 quam
292 1097 411 1129 corpus
438 1085 565 1116 articuli
589 1085 692 1127 ipsius
718 1085 941 1129 brevibusque
973 1086 1122 1118 distichis
1155 1088 1238 1119 ciliis
1271 1087 1423 1122 obsitam.
1470 1089 1539 1132 Fig.
1565 1091 1594 1123 9.
1620 1103 1646 1123 α.
1672 1097 1798 1135 septem
1824 1104 1869 1123 re-

168 1149 354 1187 praesentat
378 1143 506 1174 medios
533 1142 689 1174 articulos
708 1142 886 1185 apisormis,
911 1144 963 1187 fig.
982 1146 1010 1177 9.
1029 1146 1056 1178 b.
1083 1145 1255 1177 articulum
1274 1146 1417 1185 unicumj
1442 1148 1494 1191 fig.
1513 1149 1542 1181 9.
1561 1160 1584 1180 c.
1609 1149 1747 1180 formam
1772 1150 1868 1181 unius

168 1201 379 1234 articulorum
404 1214 420 1232 a
446 1201 516 1233 fine.
563 1200 631 1244 Fig.
660 1202 709 1233 10.
736 1213 761 1234 a.
788 1206 915 1243 septem
940 1201 1071 1233 exhibet
1102 1202 1224 1245 primos
1258 1204 1413 1235 articulos
1446 1210 1658 1238 antennarum
1691 1207 1869 1249 apiformis,

167 1260 218 1303 fig.
245 1261 295 1292 10.
321 1260 348 1292 b.
375 1271 485 1290 earum
511 1258 655 1302 quinque
681 1258 836 1289 articulos
863 1263 1068 1301 postremos,
1099 1273 1213 1292 omnes
1247 1261 1443 1304 tegumentis
1471 1263 1620 1297 nudatos.
1669 1264 1738 1308 Fig.
1766 1267 1814 1296 11.
1840 1277 1868 1298 (ι,

167 1323 243 1356 tres,
268 1318 321 1361 fig.
340 1319 389 1350 11.
417 1318 444 1350 b.
471 1328 570 1347 unum
595 1316 749 1360 proponit
766 1316 910 1348 medium
935 1317 1108 1349 articulmn
1127 1324 1284 1351 antennae
1301 1319 1571 1362 laplniaeformis.
1608 1321 1735 1354 Deinde
1761 1328 1869 1355 autem

169 1375 305 1406 marium
330 1374 427 1406 etiam
458 1382 615 1407 antennas
641 1375 875 1419 subpeccinacas
906 1375 997 1418 lonye
1026 1376 1151 1409 ciliatas
1176 1377 1374 1419 reperinms,
1399 1378 1454 1409 ubi
1479 1378 1620 1422 quisque
1646 1379 1802 1411 articulus
1827 1381 1868 1411 la-

168 1432 297 1464 mellam
321 1433 435 1471 habet,
467 1444 568 1476 quae,
605 1433 718 1464 eadem
752 1444 853 1475 prope
883 1438 981 1476 atque
1012 1446 1132 1477 corpus
1158 1434 1379 1478 longitudine,
1410 1435 1517 1479 longis
1544 1436 1693 1468 distichis
1720 1437 1802 1469 ciliis
1827 1439 1868 1469 la-

170 1490 298 1522 mellam
324 1490 428 1533 ipsam
456 1490 685 1533 superantibus
711 1490 835 1521 munita
861 1497 920 1525 est,
968 1491 1036 1535 Fig.
1064 1493 1112 1524 13.
1139 1504 1168 1524 a.
1194 1497 1352 1524 antennae
1377 1493 1562 1526 asiliformis
1588 1495 1685 1527 maris
1713 1496 1867 1527 articulos

170 1548 295 1580 medios
322 1560 379 1580 sex
404 1548 559 1587 continet7
584 1548 637 1591 fig.
665 1549 714 1580 13.
741 1550 768 1582 b.
795 1549 939 1580 medium
966 1562 1077 1589 unum,
1102 1551 1153 1594 fig.
1181 1551 1229 1584 13.
1257 1562 1278 1583 ο.
1303 1563 1403 1582 1111010
1430 1552 1641 1587 terminalem.

326 1606 359 1637 ln
386 1612 526 1649 utroque
552 1612 763 1637 antennarum
790 1618 908 1649 genere
932 1607 996 1639 iam
1022 1608 1328 1647 animadvertimus,
1362 1609 1522 1653 cuiusque
1552 1610 1700 1643 lamellae
1725 1612 1869 1643 medium

169 1663 317 1695 nonnihil
342 1663 579 1707 emarginatum
606 1676 690 1702 esse,
716 1664 803 1707 qnod
833 1677 936 1707 usque
961 1665 1042 1697 adeo
1061 1667 1237 1709 procedere
1262 1672 1384 1709 potest,
1410 1668 1494 1699 utin
1513 1680 1713 1712 unoquoque
1730 1669 1868 1701 articulo

168 1721 334 1764 posterius
362 1722 445 1753 duos
470 1734 649 1765 processus
675 1722 793 1765 longos
819 1721 1033 1761 inveniamus,
1060 1735 1200 1766 quorum
1226 1724 1323 1756 latera
1349 1724 1501 1757 interiora
1524 1726 1678 1758 brevibus
1705 1726 1786 1758 ciliis
1813 1727 1868 1758 ob-

170 1791 261 1811 sessa
288 1785 372 1813 sunt.
408 1780 499 1811 Hane
524 1780 663 1811 formam
680 1792 741 1811 nos
768 1787 924 1814 antennas
942 1781 1147 1826 bipeccinalas
1171 1783 1291 1815 cilialas
1308 1795 1476 1820 vocamus,
1503 1796 1602 1826 quam
1626 1784 1677 1827 fig.
1696 1785 1744 1817 19.
1762 1795 1791 1818 ιι.
1817 1797 1869 1816 ex-

167 1837 277 1880 primit
302 1837 523 1880 hylaeiformis
551 1838 729 1869 admodum
747 1844 957 1881 augmentato
976 1839 1113 1871 articulo
1139 1840 1259 1879 medio,
1286 1840 1379 1871 cuius
1403 1832 1597 1873 diametrum
1614 1842 1867 1874 transversalem

167 1894 263 1927 nobis
288 1895 341 1938 fig.
369 1896 418 1928 19.
445 1897 472 1929 b.
499 1895 651 1928 ostendit.

325 1952 482 1984 Ultimam
508 1965 645 1997 eamque
670 1954 897 1985 creberrimam
922 1954 1076 1993 formam,
1102 1967 1185 1998 quae
1209 1956 1294 1998 apud
1319 1961 1448 1987 nostras
1475 1956 1577 1988 sesias
1602 1958 1775 2000 reperitur,
1806 1970 1866 1990 nos

168 2018 323 2044 antennas
348 2012 493 2044 dentatas
518 2012 610 2055 lonye
633 2012 756 2045 ciliatcts
780 2011 1004 2050 nominamus,
1037 2024 1174 2055 quarum
1206 2013 1304 2044 medii
1329 2013 1455 2045 articuli
1480 2014 1712 2046 brevissimum
1737 2028 1866 2059 proces-

168 2079 239 2099 sum
265 2068 367 2100 latum
391 2069 511 2101 habent
536 2069 708 2113 longisque
733 2070 815 2102 ciliis
841 2069 989 2101 distichis
1014 2070 1159 2102 investiti
1177 2076 1262 2102 sunt.
1278 2073 1302 2110 ’)
1339 2071 1437 2111 Quod
1463 2071 1644 2104 invenimus
1669 2072 1701 2104 in
1718 2072 1868 2104 inferiore

166 2124 228 2157 fine
253 2131 410 2158 antennae
436 2126 671 2158 scoliaeformis
696 2128 749 2169 fig.
769 2129 819 2159 15.
846 2138 874 2160 α.
901 2132 932 2159 et
956 2127 986 2158 in
1013 2128 1115 2160 tribus
1141 2128 1257 2160 mediis
1284 2128 1429 2160 articulis
1455 2128 1666 2161 culiciformis
1684 2130 1736 2174 fig.
1757 2131 1804 2164 16.
1825 2142 1867 2169 α.,

169 2195 308 2225 quorum
333 2184 525 2216 diametrum
550 2185 603 2229 fig.
632 2186 679 2218 16.
706 2187 733 2218 b.
759 2185 864 2217 refert.
900 2185 994 2228 Apud
1020 2185 1318 2229 philanthiformem
1342 2186 1396 2230 fig.
1423 2188 1473 2219 17.
1500 2198 1530 2220 α.
1555 2186 1687 2230 insuper
1712 2187 1807 2219 etiam
1832 2187 1864 2218 in

326 2275 349 2309 ³⁸>
370 2274 523 2302 Processus
546 2276 695 2301 cuiuslibet
723 2277 833 2311 generis
866 2276 1013 2310 paullatim
1046 2276 1209 2303 decrescere
1237 2286 1287 2311 per
1317 2286 1346 2303 se
1373 2278 1550 2313 intelligitur.
1597 2277 1650 2303 Hie
1683 2277 1766 2303 modo
1796 2278 1865 2304 adii>

168 2324 280 2353 ciarum,
304 2324 451 2350 secundam
475 2329 502 2350 et
524 2330 648 2359 quartam
671 2325 787 2351 formam
809 2325 925 2359 primam
948 2325 1089 2360 tertiaque
1116 2326 1175 2351 fere
1201 2335 1317 2360 prorsus
1339 2335 1429 2361 usque
1451 2327 1502 2353 sub
1524 2328 1607 2353 finem
1628 2335 1777 2360 processus
1799 2327 1865 2352 offe-

168 2372 303 2401 rentibus,
325 2372 379 2397 iam
400 2372 524 2398 nonnihil
548 2382 631 2407 supra
658 2374 776 2399 medium
801 2382 879 2399 suurn
906 2382 1055 2407 processus
1082 2374 1210 2407 perdere.
1253 2374 1341 2401 Iidem
1367 2376 1432 2409 plus
1459 2376 1584 2402 minusve
1611 2375 1728 2409 perfecti
1754 2375 1809 2401 iarn
1831 2376 1865 2401 ab

169 2421 285 2446 articulo
308 2421 391 2446 tertio
413 2421 457 2446 vel
479 2426 578 2455 quarto
601 2422 756 2448 ordiuntur.

1617 2476 1652 2501 4*
