2087 2777
969 128 1019 163 23

138 228 371 272 hemisphaerii
396 229 539 273 speciem
555 229 708 268 referens,
734 229 916 271 posteriore
934 231 1066 274 planitie
1091 236 1179 264 recte
1203 232 1370 265 decurtata
1391 233 1512 265 mobile
1536 233 1568 265 in
1586 234 1747 267 anteriore
1770 235 1842 267 tho-

138 286 222 318 racis
248 286 380 330 planitie
405 287 504 319 sedet.
544 286 694 318 Thorace
718 292 829 318 autem
854 299 984 331 semper
1007 289 1104 332 longe
1121 289 1293 333 angustius
1321 296 1371 321 est
1396 296 1427 322 et
1445 290 1569 333 passim
1593 292 1647 323 vix
1672 292 1841 325 dimidiam

137 343 224 376 illius
249 343 452 375 latitudinem
477 342 669 385 adipiscitur
694 343 836 387 (hylaeif.
862 350 894 376 et
918 345 1017 388 apif.).
1064 345 1191 377 Etenim
1217 346 1334 377 thorax
1358 359 1432 390 pars
1458 348 1560 380 totius
1585 349 1771 382 animalculi
1796 351 1839 383 la-

138 401 266 433 tissima
291 406 342 433 est
365 406 462 444 atque
486 401 587 432 modo
613 401 673 433 sub
700 401 895 434 anteriorem
920 408 951 434 et
968 402 1160 446 praesertim
1183 403 1399 446 posteriorem
1424 405 1520 437 finem
1538 406 1703 450 aliquanto
1721 420 1838 452 angus-

138 458 202 490 tior
227 458 344 491 evadit.
390 457 613 501 Longitudine
638 464 736 501 caput
760 459 889 492 circiter
913 460 1097 504 quadruplo
1121 460 1173 492 vel
1199 460 1352 504 sextuplo
1378 468 1520 505 superat.
1560 464 1743 504 Abdomen,
1768 465 1840 497 tho-

138 528 212 548 race
236 515 378 554 tenuius,
403 527 460 558 per
476 514 616 559 primum
640 517 870 548 tantummodo
893 522 1099 561 segmentum
1125 530 1200 549 cum
1218 518 1385 561 superiore
1409 519 1553 551 thoracis
1572 521 1633 553 line
1656 522 1841 565 posteriore

138 573 348 617 coniugatum
374 578 435 612 est,
460 578 492 605 et
515 585 714 616 quamquam
731 574 878 607 eiusdem
903 575 1075 619 longitudo
1101 576 1240 607 multum
1257 576 1374 608 variari
1398 581 1519 619 potest,
1544 582 1652 610 tamen
1677 591 1748 611 eam
1772 580 1840 612 fere

138 631 301 675 duplicem
325 630 470 663 thoracis
497 643 571 662 cum
597 631 704 674 capite
729 644 803 664 esse
827 632 922 664 nobis
950 638 1092 665 statuere
1117 633 1204 665 licet.
1258 634 1429 666 Abdomen
1454 646 1552 677 porro
1576 634 1715 668 sormam
1739 637 1839 670 habet

138 688 281 733 elongati
306 688 460 732 cylindri,
497 688 551 732 qui
581 690 746 732 posterius
772 690 823 722 vel
847 690 921 733 plus
951 691 1002 722 vel
1027 691 1134 723 minus
1166 696 1377 735 angustatus,
1415 691 1577 724 interdum
1610 694 1710 725 modo
1742 694 1838 737 plane

136 747 277 779 rotunde
300 734 432 779 retusus
457 746 583 779 videtur
611 747 698 791 (apif.
725 753 756 779 et
779 748 935 791 hylaeif.).

295 805 330 836 ln
354 804 405 836 his
430 804 527 848 igitur
552 804 656 836 tribus
683 805 830 849 partibus
855 806 1016 849 primariis
1047 807 1205 849 quaedam
1231 806 1411 849 reperimus
1441 818 1566 850 oryana
1589 815 1731 847 externa,
1756 821 1839 852 quae

138 861 246 893 omnia
270 861 335 893 iam
360 862 492 905 quidem
516 867 603 901 nota,
635 863 692 894 sed
718 876 757 895 ex
782 869 873 907 parte
898 864 1044 895 nondum
1068 869 1157 895 recte
1182 864 1313 908 cognita
1339 870 1424 896 sunt.
1473 864 1596 896 Eorum
1620 877 1706 898 nuuc
1733 866 1840 909 siugu-

136 920 184 951 las
210 919 415 951 conditiones
433 931 471 951 ac
495 919 637 951 rationes
656 926 787 953 mutuas
812 921 996 954 accuratius
1019 921 1230 961 disseramus,
1256 922 1344 965 quod
1370 922 1501 966 quidem
1520 923 1665 967 squamis
1691 929 1724 956 et
1749 924 1839 963 setis,

137 990 235 1021 quem
260 977 456 1021 singularem
473 977 630 1009 vestitum
651 983 819 1011 externum
846 980 953 1012 ses-iac
970 991 1044 1010 cum
1063 979 1215 1012 omnibus
1233 980 1446 1024 lepidopteris
1466 993 1674 1014 communem
1699 987 1839 1025 gestant,

137 1035 298 1068 difficilius
322 1034 477 1067 redditur.
488 1037 512 1076 ⁸)

295 1093 457 1138 Squamae
481 1092 653 1132 sesiarum,
678 1099 711 1125 ut
738 1094 899 1138 cuiusque
915 1094 1120 1137 lepidopteri‚
1145 1095 1267 1127 formas
1285 1095 1418 1128 induere
1435 1102 1577 1138 possunt
1594 1096 1837 1129 diversissimas

137 1156 169 1182 et
192 1150 369 1182 admodum
395 1151 517 1183 sensim
542 1150 821 1184 informationem
847 1157 989 1183 setarum
1007 1153 1191 1196 transgredi
1217 1153 1333 1186 solent.
1373 1153 1454 1186 Tab.
1478 1153 1515 1184 Il.
1540 1153 1619 1185 infra
1640 1154 1737 1186 nobis
1763 1167 1839 1198 qua·

136 1207 282 1252 draginta
314 1209 460 1241 diversas
493 1221 647 1253 squamas
673 1215 827 1252 setasque
855 1209 1057 1249 manifestat,
1094 1222 1177 1254 quae
1208 1211 1248 1243 de
1277 1223 1339 1242 una
1371 1211 1456 1243 scsia
1488 1211 1683 1243 culiciformi
1708 1212 1837 1244 demtae

136 1271 222 1303 sunt,
246 1266 371 1298 necnisi
395 1266 517 1299 formas
534 1267 704 1310 primarias
730 1273 983 1310 repraesentant.
1024 1269 1146 1300 Verum
1170 1268 1230 1300 hac
1257 1280 1412 1312 squamae
1430 1274 1584 1312 setaeque
1607 1269 1741 1302 minime
1767 1270 1836 1302 sinc

135 1323 248 1356 ordine
277 1324 421 1368 quodam
452 1324 483 1356 in
514 1330 646 1356 externa
675 1324 826 1368 imaginis
858 1325 1027 1369 superficie
1060 1325 1227 1368 dispersae
1263 1332 1355 1365 sunt,
1391 1327 1448 1359 sed
1478 1339 1581 1370 prope
1612 1339 1740 1371 semper
1769 1328 1838 1360 eius

134 1386 244 1424 partes
271 1381 419 1414 diversae
444 1382 584 1414 diversis
610 1387 745 1414 utuntur
763 1383 876 1415 formis
902 1388 1110 1415 externorum
1127 1389 1403 1428 tegumentorum,
1428 1390 1464 1416 ut
1482 1384 1635 1428 deinceps
1660 1385 1758 1418 latius
1785 1398 1839 1418 ex-

134 1451 307 1481 ponemus.
360 1440 395 1471 Id
426 1445 534 1472 autem
566 1440 726 1472 sesiarum
750 1440 917 1484 proprium
943 1446 1010 1479 est,
1046 1446 1083 1473 ut
1107 1453 1217 1473 earum
1247 1442 1333 1481 alae,
1370 1455 1453 1486 quae
1486 1443 1571 1486 apud
1602 1443 1710 1475 omnia
1734 1455 1838 1487 paene

296 1588 320 1621 *)
342 1588 475 1624 Plerique
498 1593 625 1615 auctores
648 1590 819 1623 superiores„
842 1589 889 1623 qui
912 1589 946 1615 de
968 1589 1154 1624 lepidopteris
1177 1591 1355 1617 commentati
1382 1595 1460 1623 sunt,
1488 1591 1523 1617 ad
1552 1595 1681 1617 externas
1708 1591 1835 1626 imaginis

136 1636 239 1661 formas
261 1636 320 1662 fere
342 1646 397 1663 non
419 1641 613 1672 respexerunt,
637 1642 665 1663 et
686 1642 741 1663 tam
764 1646 860 1663 eorum
882 1642 1032 1672 systemata
1054 1648 1136 1673 quam
1158 1640 1294 1673 speciales
1316 1639 1468 1665 relationes
1490 1640 1649 1666 testimonia
1665 1639 1741 1665 illius
1764 1639 1834 1664 indi-

136 1684 270 1719 ligentiae
292 1685 513 1712 luculentissima
534 1686 674 1712 exhibent.
716 1686 760 1712 Ex
782 1686 973 1721 Franeogallis
994 1687 1100 1720 primus
1122 1687 1332 1722 Duponchel
1354 1688 1407 1714 hoc
1428 1689 1575 1715 maximum
1596 1689 1693 1715 vitium
1715 1688 1836 1714 omnium

138 1737 345 1761 antecessorum
368 1743 480 1760 suorum
503 1735 660 1770 castigavit,
682 1739 804 1769 systema
825 1735 906 1760 simul
927 1744 1098 1769 proponenS,
1120 1737 1198 1762 cuius
1221 1746 1340 1767 summa,
1368 1746 1402 1763 ex
1428 1738 1525 1763 formis
1552 1738 1680 1773 imaginis
1708 1736 1834 1762 deduxit.

139 1780 196 1808 Sed
216 1782 240 1807 is
263 1791 375 1816 quoque
391 1791 496 1818 organa
517 1784 567 1809 illa
582 1788 700 1809 externa
713 1784 878 1818 plerumque.
901 1784 990 1809 solum
1003 1785 1148 1819 spectavit,
1165 1785 1398 1820 quemadmodum
1412 1787 1581 1821 tegumentis
1596 1790 1671 1812 tecta
1686 1789 1833 1820 apparent,

139 1839 194 1864 quo
216 1839 299 1856 verae
322 1840 418 1857 eorum
439 1832 615 1858 conditiones
638 1832 804 1858 creberrime
826 1841 880 1857 non
907 1832 1110 1868 intelliguntur.
1152 1834 1267 1859 Maximi
1295 1835 1380 1869 igitur
1406 1835 1539 1861 facientes
1569 1834 1834 1869 contemplationem

138 1879 269 1913 partium,
295 1879 391 1914 quales
414 1880 477 1911 sint,
499 1889 591 1915 neque
615 1881 711 1915 quales
736 1889 797 1906 esse
812 1880 972 1912 videantur,
995 1881 1121 1908 nonnulli
1136 1886 1264 1909 auctores
1281 1883 1448 1914 Germanici,
1464 1884 1597 1918 imprimis
1612 1882 1833 1909 Herriehius<

139 1926 385 1959 Schaefferus,
407 1928 623 1960 Ledererus‚
647 1929 824 1959 zelle-rus,
848 1929 992 1963 praeclare
1019 1930 1109 1956 meriti
1137 1935 1209 1956 sunt.
1253 1930 1331 1962 Quos
1359 1935 1494 1966 sequutus
1522 1940 1573 1966 ego
1602 1940 1714 1966 quoque
1736 1940 1831 1957 omnes

139 1977 272 2002 sesiarum
299 1981 393 2011 partes
426 1981 617 2011 perscrutatus
645 1987 715 2007 sum,
742 1982 773 2003 ut
800 1978 968 2012 tegumentis
996 1979 1052 2004 suis
1079 1979 1199 2005 nudatae
1228 1983 1372 2014 apparent.
1415 1979 1505 2012 Quem
1532 1980 1568 2005 ad
1589 1980 1671 2006 finem
1692 1980 1751 2006 fere
1774 1980 1835 2006 sola

139 2025 310 2059 exemplaria
332 2025 404 2051 sicca
426 2025 548 2056 adhibui,
572 2035 689 2060 quorum
712 2026 836 2060 singulas
858 2030 952 2060 partes
975 2030 1057 2052 antea
1083 2027 1111 2053 in
1138 2028 1238 2062 spiritu
1260 2027 1316 2053 vini
1338 2036 1496 2061 posueram.
1538 2028 1744 2055 Diversissimis
1766 2037 1833 2054 vero

139 2073 218 2098 factis
247 2074 437 2099 conaminibus
460 2078 622 2109 tegumenta
643 2075 813 2105 removendi,
836 2074 936 2100 haecce
957 2075 1104 2102 methodus
1126 2080 1155 2102 et
1180 2076 1314 2102 facillima
1340 2080 1369 2101 et
1394 2077 1582 2110 promtissima
1608 2077 1675 2104 mihi
1700 2077 1760 2103 visa
1781 2082 1832 2103 est.

139 2121 236 2148 Partes
258 2123 358 2156 spiritu
380 2122 435 2148 vini
457 2131 553 2148 rursus
575 2123 692 2148 mobiles
714 2123 804 2149 factae
825 2123 852 2148 in
874 2123 989 2157 planitie
1012 2124 1093 2150 volae
1114 2133 1210 2150 manus
1226 2124 1408 2155 collocentur,
1429 2125 1507 2151 cuius
1523 2125 1592 2151 sulci
1607 2126 1832 2152 confricationem

140 2170 288 2196 admodum
310 2171 451 2196 adiuvant.
493 2170 629 2197 Penicillo
653 2171 754 2197 deinde
776 2180 810 2197 ex
832 2171 899 2196 setis
921 2172 1101 2204 mollissimis,
1127 2173 1200 2198 infra
1224 2176 1300 2198 recte
1323 2172 1474 2199 decurtatis
1497 2174 1652 2208 composito
1674 2174 1832 2208 spirituque

139 2219 194 2244 vini
216 2219 322 2244 imbuto
344 2223 438 2253 partes
460 2219 603 2245 fricentur.
647 2220 731 2254 Apud
761 2224 855 2254 partes
888 2224 981 2246 tamen
1014 2221 1143 2251 maiores,
1175 2220 1341 2255 praesertim
1372 2221 1395 2246 si
1423 2221 1489 2247 setis
1515 2223 1701 2249 tenacioribus
1724 2221 1832 2247 obsitae

139 2270 211 2298 sunt,
235 2267 270 2292 ad
292 2275 337 2293 eas
358 2267 541 2293 removendas
564 2268 656 2294 tenuis
689 2268 819 2295 cultellus
851 2274 931 2294 caute
964 2269 1137 2295 exercendus
1169 2269 1293 2303 perbene
1325 2270 1452 2304 usurpari
1473 2274 1576 2305 potest.
1618 2271 1695 2297 Loco
1717 2269 1831 2304 spiritus

139 2315 196 2340 vini
218 2318 340 2341 ceterum
361 2315 444 2341 etiam
466 2316 584 2342 diversis
607 2317 693 2343 acidis
721 2320 749 2342 et
776 2326 848 2351 aqua
876 2326 942 2343 usus
969 2326 1038 2349 sum,
1066 2317 1117 2343 sed
1139 2317 1173 2343 iis
1195 2318 1379 2344 instrumenta
1400 2319 1540 2353 applicata
1560 2319 1718 2350 laeduntur,
1740 2327 1832 2354 neque

138 2367 298 2399 tegumenta
320 2363 427 2390 facilius
449 2365 603 2392 solvuntur.
