2087 2777
960 102 1011 137 37

137 220 223 252 quae
249 207 471 251 superioribus
498 205 567 237 suis
592 203 792 248 marginibus
818 204 922 236 acutis
949 216 1080 236 sursum
1106 209 1266 247 spectant.
1313 204 1385 236 Hoc
1417 210 1467 236 est
1497 204 1529 236 in
1555 206 1634 238 duas
1660 212 1768 250 partes
1794 207 1836 238 la—

138 265 256 298 terales
282 264 424 297 divisum
450 267 657 306 segmentum
682 273 806 292 nonum
831 261 964 293 inferius
990 266 1022 293 et
1047 262 1130 293 duae
1160 261 1234 293 illae
1263 267 1371 304 partes
1405 267 1482 293 sunt
1510 263 1656 297 valvulae
1686 265 1837 308 yenitales

138 323 178 355 ad
203 323 340 355 feminae
365 321 526 353 abdomen
551 318 815 361 amplectendum
840 324 937 361 atque
962 319 1206 351 continendum.
1247 319 1390 351 Alteram
1416 331 1527 351 earum
1543 321 1683 353 multum
1708 328 1837 354 auctam

137 380 169 412 in
194 381 247 424 fig.
273 381 325 412 54.
349 391 378 423 y.
404 378 443 409 ab
468 375 632 414 interiore,
657 375 805 407 nonnihil
830 388 990 410 concava.
1024 375 1088 406 lata
1120 375 1252 418 planitie
1287 376 1520 419 conspicimus.
1573 378 1696 410 Eadem
1722 391 1836 423 prope-

137 438 273 469 modum
297 442 366 469 tota
391 434 521 479 organis
547 433 740 477 plerumque
766 439 951 465 antrorsum
969 432 1113 471 directis,
1138 432 1243 465 acutis
1262 438 1294 464 et
1310 433 1443 465 fui-catis
1462 435 1599 467 obsessa
1618 441 1678 478 est,
1697 448 1837 479 quorum

138 495 278 527 sormam
300 495 354 538 fig.
380 494 432 526 54.
457 506 489 532 γ.
516 490 716 535 permultum
741 496 985 535 augmentatam
1013 490 1119 523 refert.
1167 490 1326 533 Superior
1356 503 1433 523 vcro
1464 503 1537 534 pars
1569 493 1729 537 segmenti
1760 494 1836 526 noni

138 552 272 596 perinde
297 557 481 583 antrorsum
507 554 538 581 et
563 550 717 580 deorsum
743 548 774 580 in
799 549 879 580 duas
905 548 1052 580 valvulas
1079 548 1182 580 multo
1201 548 1342 580 minores
1363 548 1524 580 disiuncta
1544 556 1593 582 est
1611 551 1676 595 (fig.
1696 552 1836 595 52ny

140 610 198 642 sed
222 610 284 641 fine
309 621 369 641 suo
396 607 555 640 anteriore
580 607 675 638 cubat
703 610 755 647 (an
774 611 926 638 concreta
936 606 963 648 ?)
989 618 1084 648 supra
1105 605 1321 648 posteriorem
1346 606 1441 638 finem
1460 606 1577 638 decimi
1595 620 1653 640 seu
1677 610 1836 651 postremi

140 666 309 711 segmenti.
356 667 428 698 Hoc
453 665 586 709 quidem
610 663 843 696 tenuissimum
867 669 917 696 est
942 669 973 695 et
998 663 1108 706 paullo
1134 669 1208 695 ante
1231 664 1327 695 finem
1353 675 1448 695 suum
1472 664 1640 696 hamulum
1666 667 1747 709 gerit
1770 680 1836 699 sur-

139 737 212 756 sum
237 724 408 762 directum⁷
433 723 489 766 qui
513 722 590 766 quid
617 722 678 754 sibi
704 722 791 761 velit,
818 721 969 765 equidem
994 721 1119 764 ignoro.
1168 721 1296 762 Quibus
1322 722 1500 764 segmentis
1527 734 1543 753 a
1568 722 1668 755 latere
1693 726 1836 757 abdomi—

136 781 200 814 nali
225 780 441 814 consideratis
468 792 507 812 ex
525 785 642 812 octavo
671 780 731 811 sub
750 779 822 823 ipso
848 791 935 811 nono
954 778 1149 822 decimoque
1165 778 1258 821 penis
1275 778 1448 822 prominet,
1473 780 1565 812 cuius
1584 792 1666 824 apex
1685 788 1836 814 curvatus

138 852 270 871 sursum
295 843 433 883 spectat.
481 837 638 869 Videmus
665 849 781 880 penem
806 837 837 868 111
862 837 915 880 fig.
941 837 993 869 53.
1019 841 1047 876 β,
1081 836 1135 867 11111
1160 836 1308 868 valvulae
1341 836 1499 880 genitales
1531 843 1563 869 et
1594 850 1725 870 sursum
1758 839 1838 871 sitae

136 903 246 940 partes
272 896 349 928 noni
380 895 564 939 decimique
596 894 757 938 segmenti
788 894 917 927 decisae
949 899 1033 926 sunt.
1082 895 1176 927 Penis
1209 894 1300 926 solus
1332 894 1382 938 fig.
1410 895 1462 926 54.
1493 900 1523 936 β,
1554 895 1648 927 valde
1679 897 1837 928 adauctus

138 954 339 998 exprimitur.
379 954 467 985 Idem
493 958 566 984 ante
590 953 699 996 ipsum
726 965 822 984 suum
847 952 1040 984 anteriorem
1058 952 1154 983 finem
1173 954 1220 992 (γ)
1244 951 1438 984 exteriorem
1457 952 1551 984 offert
1567 953 1839 986 incrassationem

137 1012 305 1050 maiorem,
330 1011 428 1043 meris
455 1010 576 1043 aculeis
602 1010 755 1042 brevibus
782 1009 949 1042 munitam.
997 1009 1164 1041 Posterior
1195 1009 1264 1041 eius
1290 1009 1492 1042 incrassatus
1517 1010 1588 1041 finis
1618 1011 1760 1050 interior,
1786 1012 1837 1043 vel

139 1069 208 1101 eius
233 1069 358 1101 initium
385 1072 441 1110 (u.)
468 1069 551 1100 duos
576 1067 654 1099 mihi
680 1067 850 1099 videbatur
875 1067 1008 1098 tubulos
1035 1067 1218 1106 continere,
1251 1067 1306 1111 qui
1332 1073 1441 1099 tamen
1472 1079 1537 1099 non
1562 1067 1605 1100 ita
1632 1068 1735 1100 multo
1761 1075 1837 1112 post

139 1132 324 1159 antrorsum
354 1127 386 1158 in
418 1138 519 1158 unum
545 1125 800 1169 congrediuntur
826 1130 857 1156 et
881 1124 1099 1157 verisimiliter
1123 1136 1201 1156 vasa
1228 1124 1403 1157 deferentia
1422 1126 1604 1164 amborum,
1630 1126 1685 1169 qui
1711 1127 1837 1159 coalue-

138 1190 222 1224 runt,
247 1184 476 1217 testiculorum
501 1183 673 1227 recipiunt.
721 1183 754 1214 In
778 1182 840 1214 fine
866 1181 1024 1225 postremi
1057 1182 1217 1226 segmenti
1243 1181 1341 1213 etiam
1374 1182 1574 1215 comminuta
1605 1184 1657 1215 ani
1687 1190 1836 1228 apertura

140 1242 201 1274 sita
227 1254 300 1274 esse
326 1241 485 1274 videatur.

297 1300 469 1331 Abdomen
505 1299 630 1342 aliquot
667 1298 825 1330 sesiarum
861 1297 1026 1341 posterius
1065 1298 1173 1329 medio
1209 1298 1276 1330 fere
1306 1309 1371 1328 non
1402 1297 1510 1329 minus
1541 1298 1643 1330 latum
1675 1311 1748 1332 esse
1773 1300 1837 1332 iam

138 1359 166 1401 ᾧ.
194 1358 244 1390 16.
270 1356 568 1389 animadvertimus.
615 1357 661 1395 ld,
698 1362 734 1387 ut
767 1355 811 1387 rei
844 1361 1101 1387 consentaneum
1131 1361 1195 1394 est,
1229 1356 1328 1387 modo
1353 1355 1439 1387 valet
1464 1367 1569 1398 usque
1594 1357 1634 1388 ad
1661 1358 1837 1401 septimum

140 1421 347 1459 segmentum
372 1414 510 1446 feminae
546 1419 577 1445 et.
612 1426 718 1457 usque
752 1414 793 1445 ad
817 1419 971 1445 octavum
1007 1413 1121 1452 maris,
1160 1413 1243 1445 sicut
1276 1413 1307 1444 in
1338 1412 1506 1456 apiformis
1532 1414 1629 1445 maris
1656 1415 1835 1458 segmentis

140 1478 246 1512 sexto,
273 1472 412 1515 septimo
438 1477 469 1503 et
495 1477 609 1504 actavo
642 1472 694 1515 fig.
721 1473 772 1504 51.
805 1477 1004 1514 spectamus.
1051 1471 1112 1503 Hic
1149 1476 1316 1515 segmenta
1354 1470 1468 1502 ultima
1499 1471 1597 1515 longe
1626 1472 1705 1505 alias
1739 1473 1836 1505 etiam

138 1531 260 1562 formas
285 1530 423 1573 partium
449 1541 545 1573 supra
572 1528 795 1572 expositarum
820 1528 968 1571 accipere
990 1529 1108 1560 debere
1131 1528 1235 1572 liquet
1261 1534 1292 1560 et
1317 1529 1402 1572 apud
1427 1541 1559 1571 paucas,
1585 1542 1666 1573 quas
1688 1543 1835 1573 perscru-

139 1594 227 1619 tatus
254 1600 337 1626 sum,
363 1587 490 1630 species
516 1587 597 1619 istae
622 1586 745 1618 formae
770 1586 868 1618 etiam
894 1585 1089 1630 cognatione
1115 1586 1292 1617 admodum
1317 1586 1497 1630 propinqua
1523 1587 1744 1620 intercedente
1765 1594 1836 1620 tum

137 1645 222 1689 plus,
248 1651 319 1676 tum
344 1645 449 1677 minus
476 1644 591 1677 variari
621 1643 822 1677 videbantur.
877 1644 989 1687 Itaque
1024 1644 1104 1675 hacc
1141 1656 1192 1676 res
1223 1643 1309 1675 haud
1343 1644 1439 1676 dubie
1470 1645 1575 1678 adhuc
1601 1646 1738 1689 amplius
1768 1658 1836 1689 per-

138 1703 295 1747 quirenda
321 1707 379 1736 est.

297 1760 403 1791 Prima
430 1765 557 1803 septem
588 1764 755 1802 segmenta
786 1758 924 1790 feminae
956 1764 987 1790 et
1016 1759 1117 1802 prima
1149 1765 1225 1792 octo
1258 1759 1355 1791 maris
1387 1760 1532 1804 squamis
1564 1760 1722 1793 instructa
1749 1767 1834 1800 sunt,

139 1830 221 1862 quas
246 1818 299 1862 fig.
327 1818 375 1851 77.
404 1829 441 1855 o,
457 1829 490 1862 p.
516 1821 748 1860 repraesentat.
797 1816 964 1848 Posterior
988 1817 1167 1849 incrassata
1193 1829 1267 1860 pars
1293 1817 1452 1861 cuiusque
1478 1818 1637 1862 segmenti
1663 1831 1760 1851 unam
1786 1820 1836 1852 vel

139 1876 219 1908 duas
247 1875 346 1907 series
372 1875 469 1918 longe
494 1875 654 1907 maiorum
680 1886 890 1917 squamarum
916 1880 1024 1917 gestat
1048 1875 1191 1907 anterius
1210 1875 1307 1906 etiam
1332 1887 1395 1907 non
1415 1875 1616 1908 sinuatarum
1635 1876 1701 1920 (fig.
1720 1879 1769 1910 77.
1785 1879 1835 1919 b).

139 1935 166 1965 A
191 1933 309 1977 quibus
336 1945 492 1976 squamae
516 1931 675 1976 postremi
702 1931 898 1975 squamigeri
924 1932 1086 1975 segmenti
1110 1932 1282 1975 utriusque
1315 1944 1412 1965 sexus
1443 1945 1642 1977 magnopere
1673 1934 1833 1974 differunt,

139 1996 254 2034 utpote
290 2002 372 2034 quae
409 2002 565 2033 perquam
606 1989 757 2033 elongata
794 1989 903 2032 specie
929 1990 1040 2022 crinali
1067 1991 1178 2031 (culif.‚
1204 2003 1233 2021 v.
1259 1990 1312 2033 fig.
1338 1992 1389 2022 77.
1416 1990 1472 2032 o'.)
1498 1995 1638 2023 utantur.
1686 1992 1833 2024 Eaedem

139 2049 327 2092 fasciculum
350 2049 543 2081 terminalem
556 2050 582 2088 ‘J
612 2046 664 2078 hic
696 2047 911 2084 conformant,
943 2048 999 2090 qui
1030 2047 1160 2090 saepius
1192 2047 1331 2079 trilobus
1366 2053 1515 2091 apparet,
1547 2049 1676 2081 duobus
1709 2049 1834 2082 scilicet

140 2105 225 2137 lobis
249 2105 281 2138 111
306 2112 397 2149 parte
422 2104 588 2149 superiore
612 2104 741 2148 positis,
767 2105 844 2136 lobo
871 2110 979 2136 autem
1009 2105 1159 2137 inferiore
1183 2105 1215 2136 in
1244 2110 1335 2148 parte
1365 2105 1525 2148 postremi
1555 2105 1642 2138 illius
1673 2107 1833 2150 segmenti

300 2253 323 2286 ᾖ)
348 2254 521 2280 Fasciculum
541 2254 714 2279 terminalem
736 2251 1204 2279 Herriehius-Sehaefferus
1232 2253 1393 2279 fasciculum
1420 2254 1527 2280 analem
1559 2254 1737 2288 nuncupavit.
1781 2254 1833 2280 Ille

142 2309 209 2327 vero
231 2309 287 2326 non
309 2301 337 2326 in
359 2311 421 2333 ano,
443 2302 493 2329 sed
514 2303 542 2328 in
564 2302 719 2328 abdominis
741 2302 796 2327 fine
817 2301 891 2326 foras
914 2301 1071 2335 prodeunte
1093 2300 1204 2333 insidet'‚
1222 2305 1393 2336 quapropter
1409 2311 1509 2329 nomen
1530 2303 1653 2329 fasciculi
1675 2303 1762 2328 analis
1779 2312 1835 2328 non

143 2358 296 2384 congruum
318 2349 436 2376 videtur.
478 2351 680 2385 Laspeyresius
702 2350 774 2376 hune
796 2349 957 2376 fasciculum
979 2350 1049 2376 adeo
1072 2350 1187 2376 barbam
1208 2351 1382 2377 terminalem
1399 2351 1477 2377 dixit.
1493 2351 1596 2386 Ecquis
1613 2354 1704 2377 autem
1720 2351 1834 2377 barbam

143 2398 171 2423 iu
194 2398 341 2424 abdomine
365 2398 497 2432 quaerat?
