2087 2777
966 121 1016 155 29

137 223 282 256 thoracis
309 223 476 267 apiformis
502 229 702 266 spectamus,
727 223 783 254 ubi
810 234 838 256 α.
863 223 1104 266 prothoracem‚
1130 225 1156 258 b,
1183 228 1228 265 (α.
1254 239 1295 262 α.,
1320 228 1362 266 β.)
1395 226 1667 267 mesothomcem,
1692 240 1717 262 c.
1742 234 1841 261 meta-

138 282 307 314 thoracem
331 281 462 313 indicat.
497 280 558 312 Hic
584 279 783 323 conspicuae
808 286 916 323 partes
943 293 971 314 α.
997 282 1024 314 b.
1049 294 1073 314 c.
1099 281 1283 324 specialiter
1300 289 1474 326 pronoton,
1500 290 1697 317 mesonoton
1724 292 1754 318 et
1779 299 1842 318 me-

136 345 273 372 tanoton
299 339 510 383 appellantur.
558 338 742 370 Prothoraoe
755 339 779 378 *)
807 350 939 370 sursum
964 338 1219 381 angustissimus
1252 345 1302 371 est
1327 340 1463 384 eiusque
1488 342 1653 385 proprium
1678 350 1841 386 pronoton

138 410 178 430 ex
204 398 330 430 duabus
357 395 504 439 angustis
531 395 749 438 portiunculis
776 395 939 427 concretis
964 395 1145 435 conficitur,
1171 408 1253 439 quae
1278 397 1430 429 foliorum
1455 398 1557 431 instar
1582 400 1621 431 ad
1639 401 1840 433 mesothora-

138 468 210 488 cem
236 467 271 487 se
295 454 465 486 aeclinant.
510 452 678 484 Deorsum
702 452 756 485 ille
781 453 876 484 latior
901 453 1024 491 evadit,
1056 453 1111 485 ubi
1141 454 1282 496 primum
1306 455 1427 498 pedum
1452 468 1508 498 par
1533 463 1650 490 exstat.
1699 459 1839 490 Sursum

138 519 169 545 et
193 511 368 544 lateraliter
392 511 571 554 prothorax
595 510 777 549 latissimis,
802 510 947 554 magnis,
972 511 1083 543 nitidis
1116 512 1262 555 squamis
1295 513 1447 545 obtectus
1488 520 1537 545 cst
1567 515 1711 555 (culieif.‚
1735 529 1765 549 v.
1790 516 1842 560 fig.

138 572 190 604 77.
215 574 265 612 e.)‚
289 580 373 613 quae
398 568 561 600 interdum
586 567 719 600 inferius
746 569 785 599 ad
809 568 908 600 latera
933 580 1048 600 versus
1081 569 1173 601 aliter
1203 581 1300 613 quam
1327 582 1482 613 squamae
1508 573 1691 615 superiores
1717 573 1839 605 eolora-

136 635 188 661 tae
214 633 296 662 sunt,
345 627 427 659 Item
452 625 703 658 diversicolores
731 626 867 670 exiguae
893 638 1101 670 squamarum
1119 627 1287 670 portiones
1313 628 1498 671 frequenter
1516 641 1611 672 supra
1630 631 1839 664 insertionem

136 698 293 718 coxarum
318 684 506 717 obveniunt.

295 743 329 774 ln
353 742 579 775 mesothoracis
603 742 702 774 latere
728 742 849 774 dorsali
874 742 1015 785 primum
1039 741 1188 774 videmus
1214 743 1382 786 proprium
1406 752 1593 777 mesonoton
1619 745 1682 789 (Q.
1707 747 1758 780 31.
1784 754 1838 786 α.),

135 813 281 845 quocum
305 800 337 832 in
361 805 488 844 partem
512 799 675 842 posticam
701 800 863 833 scutellum
889 802 944 841 (β)
976 805 1065 832 arcte
1096 800 1286 843 copulatum
1318 806 1378 833 est.
1426 801 1608 845 Utrobique
1633 803 1749 835 deinde
1774 817 1838 836 ma-

136 858 185 902 gis
212 871 345 891 sursum
369 858 542 901 teyulas'')
569 870 628 889 seu
648 859 784 902 palagia
813 857 1082 889 Burmeisteri
1113 862 1166 898 (α.
1192 872 1221 892 α,
1250 864 1281 890 et
1304 858 1356 902 fig.
1382 859 1446 899 36.)
1479 860 1721 903 conspicimus,
1756 874 1839 905 qnae

134 916 281 960 margine
307 928 367 947 suo
394 914 556 947 anteriore
585 915 817 958 prothoracem
850 915 1045 959 contingunt
1075 921 1106 947 et
1138 917 1227 959 quod
1259 916 1312 948 hic
1343 921 1450 948 exstat
1482 917 1623 960 primum
1649 918 1839 962 stigmatum

134 987 192 1017 par
218 974 378 1017 operiunt.
420 974 544 1004 Omnes
569 973 631 1004 hae
656 978 776 1016 partes,
802 973 909 1015 longis
936 973 1081 1016 squamis
1108 973 1252 1014 (culicif..
1277 987 1306 1006 v.
1332 974 1382 1017 fig.
1411 975 1461 1006 77.
1485 986 1516 1006 u.
1541 987 1568 1007 v.
1594 987 1630 1008 w.
1657 976 1712 1015 (Γ.)
1739 983 1771 1009 et
1796 977 1839 1020 pi-

134 1032 173 1063 lis
198 1032 388 1069 instructae,
414 1031 527 1062 crebro
554 1031 699 1062 colorem
724 1030 865 1062 maxime
889 1030 1051 1074 insignem
1075 1031 1205 1070 habent,
1232 1032 1287 1075 qui
1312 1032 1397 1075 apud
1424 1038 1559 1064 cunctas
1578 1039 1707 1065 nostras
1734 1035 1837 1067 sesias

134 1090 238 1122 ssavus
264 1095 314 1121 est
337 1089 369 1120 in
393 1089 494 1120 fundo
521 1088 664 1120 obscuro
690 1089 742 1120 vel
767 1088 870 1131 nigro.
918 1088 974 1120 Sic
1000 1094 1197 1121 mesonoton
1223 1089 1353 1132 saepius
1378 1089 1495 1121 flavam
1520 1090 1638 1122 lineam
1664 1092 1838 1136 longitudi-

133 1148 241 1179 nalem
272 1146 429 1184 mediam,
462 1152 517 1178 aut
548 1146 579 1178 in
610 1152 751 1189 utroque
782 1146 844 1177 fine
875 1158 934 1177 suo
966 1146 1148 1189 posteriore
1184 1159 1316 1190 parvam
1347 1147 1507 1179 maculam
1540 1148 1634 1180 nobis
1668 1156 1838 1185 monstrat.

135 1205 319 1237 Scutellum
351 1204 496 1236 colorem
527 1203 716 1248 primarium
748 1216 877 1247 semper
903 1210 1026 1243 servat,
1059 1205 1116 1236 sed
1142 1210 1231 1236 tanto
1258 1205 1361 1247 magis
1386 1206 1516 1249 tegulae
1540 1206 1725 1250 variegatae
1751 1214 1837 1247 sunt,

135 1263 253 1296 etenim
279 1274 512 1305 nonnunquam
538 1261 689 1305 superius
716 1274 850 1305 prorsus
877 1262 992 1294 flavent
1020 1274 1076 1305 per
1099 1263 1203 1293 maius
1231 1262 1400 1294 dimidium
1426 1263 1524 1306 (apis.5
1550 1277 1579 1298 v,
1603 1264 1654 1307 fig,
1675 1265 1757 1305 32.);
1783 1271 1838 1297 aut

132 1322 232 1353 modo
258 1320 437 1363 marginem
463 1320 650 1352 interiorem
675 1320 795 1351 habent
820 1320 939 1351 ssavum
965 1319 1107 1363 (tipulifi.
1132 1333 1160 1351 v.
1186 1320 1237 1363 fig.
1255 1321 1336 1361 35.);
1362 1326 1417 1352 aut
1441 1321 1472 1352 in
1490 1321 1598 1353 medio
1616 1322 1721 1365 magis
1748 1323 1838 1355 (leor-

134 1391 208 1411 sum
232 1378 367 1410 fasciam
393 1378 511 1409 ssavam
536 1383 676 1422 gestant,
702 1390 786 1421 quae
810 1378 840 1409 in
866 1384 1041 1410 mesonoto
1067 1378 1275 1409 continuatur
1301 1378 1452 1421 (hylaeif.‚
1477 1392 1506 1411 v.
1525 1379 1577 1423 fig.
1596 1380 1678 1420 34.);
1704 1386 1759 1411 aut
1785 1393 1835 1412 ex-

133 1442 223 1468 terna
248 1436 387 1479 denique
413 1436 597 1479 tegularum
622 1435 738 1467 lacinia
765 1435 928 1478 posterior
953 1442 1050 1479 atque
1075 1435 1231 1479 particula
1258 1436 1355 1468 etiam
1385 1436 1540 1480 marginis
1572 1449 1681 1469 earum
1706 1438 1836 1470 interio-

133 1493 177 1526 ris
205 1494 359 1525 deorsum
385 1494 507 1525 flavent
532 1493 650 1531 (asilis,.
675 1507 705 1526 v.
730 1494 783 1537 fig.
809 1494 882 1534 33.).

292 1550 498 1583 Lateralibus
538 1551 777 1583 mesothoracis
816 1551 981 1593 partibus7
1017 1551 1096 1594 ipsis
1128 1552 1187 1582 snb
1220 1552 1336 1583 finibus
1370 1552 1551 1596 tegularum
1585 1553 1834 1595 posterioril)nS‚

134 1609 204 1642 alae
229 1609 352 1642 aulicae
376 1609 439 1652 (fig,
465 1610 516 1641 31.
542 1614 588 1649 y.)
614 1606 753 1640 insertae
780 1614 865 1641 sunt.
913 1609 982 1640 Sub
1008 1608 1126 1652 quibus
1158 1610 1242 1652 apud
1275 1610 1401 1652 species
1434 1610 1588 1653 plurimas
1614 1611 1761 1643 maculae
1791 1612 1833 1643 la-

133 1667 251 1698 terales
279 1666 434 1705 existunt,
461 1679 545 1710 quae
570 1668 683 1699 crebro
708 1666 804 1698 valde
830 1667 983 1697 deorsum
1009 1666 1250 1709 exspatiantur,
1283 1667 1474 1711 plerumque
1504 1668 1543 1699 ad
1568 1668 1677 1711 ipsum
1701 1669 1833 1712 protho-

133 1736 242 1756 racem
268 1724 477 1768 porriguntur
502 1738 539 1756 ac
564 1736 699 1768 magnas
726 1724 874 1766 latasque
901 1736 1054 1766 squamas
1079 1724 1183 1755 ferunt
1210 1724 1352 1763 (culicif.,
1377 1738 1406 1758 v,
1431 1725 1483 1769 fig.
1503 1727 1550 1759 77.
1572 1727 1600 1759 d.
1619 1725 1658 1758 α’.
1677 1729 1728 1767 a),
1754 1739 1832 1758 non-

133 1781 230 1813 nullis
256 1781 461 1825 longioribus
489 1781 634 1825 squamis
661 1787 692 1813 et
716 1781 789 1824 pilis
815 1781 982 1815 immixtis.
1022 1782 1087 1813 Ima
1114 1782 1352 1814 mesothoracis
1378 1795 1468 1825 pars„
1498 1791 1741 1823 wzesosternuvz,
1767 1797 1830 1815 ma-

133 1838 255 1871 ximam
280 1839 422 1882 pectoris
448 1845 574 1882 partem
600 1839 819 1877 conformans,
846 1839 1051 1870 snbcarinata
1077 1845 1127 1871 est
1152 1845 1182 1871 et.
1207 1840 1351 1872 medium
1378 1841 1497 1883 pedum
1522 1853 1578 1884 par
1603 1847 1719 1884 gestat.

294 1897 520 1930 ffletatlzoracis
550 1897 634 1928 latus
668 1897 798 1928 dorsale
830 1908 869 1928 ex
900 1897 1025 1928 duabus
1059 1897 1279 1940 compositum
1305 1903 1354 1929 est.
1379 1897 1649 1941 triangularibus,
1679 1899 1829 1942 superius

135 1954 297 1986 concretis
323 1954 481 1997 partibus,
506 1962 664 1988 metanolo
691 1954 756 1998 (fig.
781 1955 832 1987 31.
859 1959 907 1994 c.).
955 1955 1099 1998 Aequale
1124 1954 1241 1997 accipit
1273 1955 1478 1987 metathorax
1507 1955 1768 2000 integumentmn
1793 1971 1830 1989 ac

134 2018 332 2044 mesonoton
358 2017 387 2044 et
414 2012 615 2055 frequentius
640 2024 754 2044 versus
780 2011 923 2042 medium
949 2012 1028 2043 duas
1055 2013 1137 2056 gerit
1163 2025 1277 2055 parvas
1302 2013 1447 2044 maculas
1474 2014 1585 2053 flavas,
1609 2026 1691 2057 quae
1715 2027 1829 2058 prope-

135 2071 270 2102 modum
296 2070 327 2101 in
352 2082 450 2101 unam
474 2069 636 2101 maculam
661 2069 792 2113 longam
818 2068 968 2101 videntur
993 2070 1167 2102 confluere.
1214 2070 1387 2101 Lateribus
1418 2070 1649 2103 metathoracis
1676 2073 1744 2106 alae
1767 2085 1828 2117 po-

293 2227 316 2260 ²'‘)
339 2226 495 2253 Prothorax
519 2236 533 2251 a
555 2227 648 2252 multis
671 2227 838 2256 auctoribus„
861 2226 933 2251 inter
956 2236 1025 2261 quos
1049 2227 1131 2253 etiam
1153 2226 1618 2255 Herriehius-Schaefserus
1640 2229 1826 2255 numerandus

136 2280 187 2305 est,
210 2273 326 2302 collare
347 2280 522 2309 nuncupatus
546 2280 596 2306 est⁷
620 2275 696 2309 quod
718 2284 818 2300 nomen
840 2275 893 2299 iam
916 2276 1009 2308 §.11
1032 2268 1220 2300 refutavimus.

294 2323 331 2356 ss³¹⁶)
354 2323 411 2349 Has
433 2329 525 2358 partes
548 2322 1008 2349 Horridum-Sehaefferus
1029 2320 1175 2359 scapulas
1196 2328 1285 2349 vocat.
1308 2324 1401 2350 Minus
1423 2332 1508 2353 recte.
1532 2326 1597 2360 quia
1618 2326 1731 2359 scapula
1752 2326 1827 2360 apud

134 2372 294 2397 vertebram
316 2371 500 2398 anterioribus
523 2373 646 2398 articulis
669 2372 751 2397 affixa
773 2376 824 2403 est,
847 2381 931 2406 quum
954 2372 1065 2407 tegulae
1093 2372 1156 2397 illae
1182 2372 1261 2398 basin
1291 2376 1397 2399 tantum
1424 2374 1530 2400 alarum
1552 2377 1711 2408 contegunt,
1735 2382 1827 2409 neque

135 2428 202 2446 vero
225 2420 275 2445 alis
298 2420 397 2445 affixae
419 2425 492 2446 sunt.
