2087 2777
1048 123 1097 158 44

229 236 350 269 limbali
376 234 489 272 fuscis,
515 234 593 265 infra
619 231 692 274 plus
710 228 860 260 minusve
876 225 1147 258 flavescentibus:
1174 232 1266 258 costa
1294 232 1477 258 transversa
1497 224 1618 269 ubique
1635 224 1812 268 aequaliter
1829 237 1925 268 parce

230 298 408 337 squamata.
457 291 536 323 filia
564 289 686 320 alarum
710 286 810 318 nitide
836 284 972 322 cinerea,
997 283 1200 326 postiearum
1225 284 1318 316 basin
1342 295 1458 317 versus
1484 283 1612 327 pallida.

386 352 496 381 ('oxac
532 344 835 387 cacruleo-nigrae,
873 341 999 373 anticae
1034 340 1116 373 linea
1154 341 1237 373 ssava
1268 347 1417 380 externa,
1453 341 1654 385 posteriores
1684 340 1781 372 finem
1809 352 1925 372 versus

227 410 339 441 flavae.
386 408 519 439 Femora
546 402 812 444 caeruleo-nigra,
842 398 1021 443 posteriora
1047 397 1121 441 pilis
1148 399 1265 431 albidis
1297 400 1437 432 obtecta.
1489 399 1603 431 Tibiae
1628 398 1753 431 anticae
1777 398 1926 430 hirsutis-

228 467 339 504 simae,
365 462 650 506 caerulco-nigrae,
676 460 754 491 iufra
773 459 856 489 flavo
875 455 1012 487 mixtae:
1038 456 1166 489 mediae
1183 457 1373 496 ochraceae7
1392 457 1520 500 postice
1536 456 1751 501 nigricantes:
1777 455 1927 499 posticae

227 525 344 562 flavae,
381 527 475 553 extus
500 519 712 563 nigricanies,
749 514 930 547 calcaribus
957 514 1060 548 ssavis.
1120 513 1214 546 Tarsi
1239 514 1408 553 ochracei,
1445 514 1524 546 infra
1558 520 1589 546 et
1612 514 1710 547 finem
1740 526 1856 546 versus
1881 513 1926 545 ni-

229 582 403 624 gricantcs.

385 636 554 667 Abdomen
580 631 896 674 caeruleo-nigrum,
924 642 1019 673 supra
1048 630 1226 673 segmentis
1257 631 1286 663 2.
1310 632 1341 663 4.
1366 630 1395 663 6.
1422 630 1467 670 (in
1492 639 1516 665 d·
1542 642 1676 673 quoque
1702 632 1762 673 7,),
1792 630 1871 662 infra
1897 630 1927 662 4.

229 695 326 726 latius
359 694 402 735 (3.
433 692 618 736 angustius)
650 688 776 733 postice
806 688 891 720 ssavo
922 687 1127 731 marginatis:
1165 693 1335 732 segmenta
1367 689 1395 722 5.
1423 688 1453 721 6.
1480 689 1507 722 7.
1537 688 1617 720 infra
1648 687 1810 720 interdum
1842 688 1927 719 ssavo

228 752 408 797 cingulata:
438 750 614 782 fasciculus
641 746 817 779 terminalis
843 746 951 790 niger,
978 745 1116 777 feminae
1142 745 1252 790 strigis
1282 746 1409 778 duabus
1433 746 1622 778 lateralibus
1650 746 1740 778 ssavis
1767 745 1927 790 signatus.

459 809 606 841 l'arz'etas.
653 805 731 837 Alae
757 817 853 847 supra
879 804 951 847 plus
977 803 1127 835 minusve
1151 804 1236 836 flavo
1262 805 1313 837 vel
1337 804 1427 836 fulvo
1454 815 1662 847 conspersae.

389 868 495 900 Larva
519 865 569 896 his
595 863 715 896 hiemat
740 868 771 895 et
796 862 827 894 in
852 861 968 900 ramis,
999 861 1122 893 truncis
1154 874 1191 893 ac
1217 862 1382 895 radicibus
1414 862 1527 906 populi
1556 861 1668 905 nigrae
1697 860 1868 904 rariusque
1896 860 1929 892 in

230 925 352 970 populo
379 924 513 956 tremula
540 926 592 963 (an
618 921 714 953 etiam
738 920 770 952 in
795 920 903 952 betula
931 920 1037 961 alba‘?)
1065 920 1177 951 sedem
1203 920 1360 959 collocat,
1393 920 1424 952 in
1451 921 1544 952 cuius
1575 919 1664 963 ligno
1690 919 1763 962 ipso
1787 931 1853 950 non
1883 918 1927 950 ita

230 983 363 1025 longum
389 986 478 1025 parat
504 979 565 1011 sibi
590 984 742 1012 meatum.
788 977 985 1010 Folliculum
1010 976 1088 1009 facit
1112 977 1249 1016 nollum,
1279 979 1337 1010 sed
1362 991 1448 1022 pupa
1474 978 1544 1010 eius
1569 977 1601 1009 in
1626 977 1824 1020 amplificato
1850 988 1929 1020 quo-

230 1041 303 1071 dam
329 1040 402 1071 loco
427 1043 554 1070 meatus
579 1037 682 1080 ipsius
709 1036 769 1068 sita
795 1042 855 1074 cst,
882 1035 976 1067 euius
1001 1035 1066 1067 loci
1089 1035 1162 1067 finis
1188 1041 1327 1080 uterque
1351 1036 1414 1069 filis
1433 1042 1521 1069 arete
1546 1035 1707 1067 clauditur
1732 1040 1765 1067 et
1787 1034 1929 1078 parietes

229 1097 346 1129 iisdem
380 1096 453 1139 plus
488 1096 539 1127 vel
576 1095 681 1126 minus
718 1094 944 1127 investiuntur.
1014 1094 1117 1126 Larva
1153 1106 1267 1126 mense
1304 1094 1391 1127 Maio
1426 1095 1478 1127 vel
1514 1094 1644 1126 ineunte
1680 1092 1771 1124 Iunio
1808 1092 1839 1123 in
1874 1103 1930 1135 pu-

229 1168 304 1198 pam
330 1154 405 1187 abit.

387 1213 479 1256 Pupa
504 1216 665 1248 castanea,
691 1221 850 1252 processu
871 1209 1019 1241 verticali
1044 1209 1144 1247 brevi,
1171 1222 1332 1249 convexo,
1357 1210 1488 1241 frontali
1513 1222 1578 1242 non
1602 1209 1788 1253 perspicu0.
1829 1208 1931 1240 Meta-

229 1270 434 1313 podothecac
464 1269 516 1300 fini
542 1281 647 1313 pupae
677 1267 851 1311 posteriori
876 1267 1019 1299 maxime
1044 1267 1307 1311 approximatae:
1340 1280 1423 1311 quas
1450 1273 1649 1311 sequuntur,
1676 1267 1782 1311 spatio
1807 1265 1931 1310 perspi—

231 1339 293 1359 cuo
318 1326 504 1365 interiecto,
534 1326 742 1369 ptcrothccae
767 1331 865 1369 atque
889 1325 1208 1368 mesopodothecac,
1241 1331 1311 1357 tum
1338 1326 1444 1369 spatio
1470 1325 1620 1370 longiore
1645 1325 1874 1358 ceratothecae
1899 1329 1931 1356 et

232 1384 553 1429 catagnathothecae,
579 1384 645 1416 fere
670 1383 752 1415 inter
778 1396 812 1416 se
838 1384 1002 1427 aequales,
1029 1383 1180 1427 denique⁷
1207 1383 1314 1427 spatio
1339 1383 1427 1415 haud
1445 1383 1563 1415 minori
1588 1383 1787 1421 intermisso,
1812 1394 1931 1425 propo-

232 1442 397 1476 dothecae,
439 1441 693 1473 Gasterothecae
719 1447 886 1486 segmenta
905 1443 1001 1475 2—-7.
1027 1442 1058 1473 in
1083 1451 1117 1480 ὅ,
1144 1442 1240 1474 2-6,
1265 1442 1297 1473 in
1326 1451 1345 1476 Ω
1375 1441 1582 1474 adminiculis
1601 1441 1730 1473 duobus
1750 1441 1930 1473 instructa:

234 1512 411 1543 processus
430 1500 538 1531 anales
564 1512 659 1542 supra
686 1505 836 1542 quatuor,
861 1499 940 1531 infra
967 1505 1043 1531 octo
1068 1500 1209 1533 maiores
1235 1505 1266 1532 et
1292 1505 1433 1544 quatuor
1457 1499 1610 1532 minores.

390 1558 512 1601 Jmayo.
538 1557 622 1600 apud
647 1569 706 1588 nos
732 1558 1006 1601 frequentissima,
1031 1558 1063 1590 in
1087 1559 1195 1590 lucem
1220 1557 1329 1601 prodit
1353 1569 1465 1589 mense
1489 1557 1592 1589 Iunio.

388 1615 493 1647 lluius
519 1615 623 1647 sesiae
654 1627 692 1647 ex
715 1615 811 1647 larvis
837 1616 1162 1650 Ichneumonidarum
1193 1616 1320 1659 species
1347 1616 1444 1654 duas,
1475 1615 1661 1659 Ephialtem
1688 1613 1931 1646 tuberculatum

234 1672 394 1705 Gravenh.
422 1678 453 1704 et
478 1672 651 1704 Paniscum
676 1678 858 1705 testaceum
885 1674 1058 1713 Gwveuh„
1084 1675 1142 1706 sed
1166 1674 1297 1706 nonnisi
1322 1686 1440 1713 mares,
1464 1672 1614 1717 produxi.

820 1886 1046 1932 SUBGENUS
1077 1888 1139 1932 HI.
1205 1887 1329 1933 SESIA

731 1954 824 1989 Lasp.‚
848 1955 943 1986 Ochs.,
964 1955 1062 1981 Boisd.
1086 1972 1120 1975 ——
1145 1955 1299 1990 SPHfflX,
1321 1955 1420 1982 Linne'.

392 2020 495 2059 (aput
522 2018 654 2050 thorace
680 2019 863 2063 augustius.
907 2019 1003 2051 Oculi
1028 2020 1148 2063 magni,
1176 2020 1273 2058 ovati,
1300 2032 1397 2063 supra
1423 2020 1591 2059 attenuati,
1619 2019 1839 2063 (pyriformes)
1866 2020 1932 2063 (fig.

238 2076 319 2116 12.):
348 2075 441 2106 ocelli
466 2076 583 2119 magni.
625 2077 791 2109 Autennae
817 2077 947 2109 dimidia
973 2078 1096 2109 alarum
1122 2078 1302 2110 aulicarum
1326 2077 1531 2121 longitudine
1555 2077 1659 2110 multo
1683 2077 1861 2121 longiores,
1885 2077 1932 2109 fu-

236 2132 401 2171 sisormes,
437 2133 527 2175 apice
559 2139 681 2166 setatac
712 2134 778 2178 (fig.
806 2136 855 2167 12.
880 2135 910 2167 h.
923 2135 983 2176 h.):
1015 2135 1046 2166 iu
1071 2145 1095 2171 d·
1127 2135 1280 2168 dentibus
1312 2135 1385 2178 plus
1418 2135 1567 2167 minusve
1598 2135 1798 2178 perspicuis,
1834 2135 1934 2179 longe

237 2189 352 2221 ciliatis
384 2190 449 2233 (lig.
482 2192 660 2232 15—17.),
698 2192 777 2223 ultra
811 2192 955 2225 medium
986 2193 1270 2226 evanescentibus.
1328 2193 1455 2237 Lingua
1492 2192 1667 2225 maxillaris
1705 2193 1803 2237 longa
1834 2199 1932 2237 atque

237 2258 355 2280 crassa.
405 2247 494 2290 l'alpi
525 2248 705 2281 maxillares
736 2249 1010 2294 mandibulaeque
1041 2251 1120 2283 satis
1151 2251 1355 2295 perspicuae.
1379 2271 1423 2277 -—
1458 2251 1536 2283 Alae
1566 2250 1691 2283 anticae
1719 2251 1801 2283 areis
1827 2251 1932 2283 tribus

238 2304 374 2347 hyaliuis
401 2305 593 2348 duabusque
617 2306 725 2338 fasciis
758 2308 938 2351 squamatis
971 2309 1039 2353 (fig.
1066 2309 1115 2341 62.
1141 2311 1203 2350 Α).
1250 2309 1383 2341 Alarum
1412 2308 1614 2352 posticarum
1645 2315 1758 2342 costae
1789 2310 1819 2342 3.
1845 2314 1876 2341 et
1900 2310 1930 2341 4.

238 2367 313 2403 post
337 2362 492 2405 angulum
516 2364 765 2396 transversalcm
790 2365 930 2397 orientes
957 2367 1022 2410 (fig.
1040 2368 1093 2400 60.
1111 2368 1173 2408 B.).
1221 2367 1326 2400 Pedes
1353 2366 1451 2398 antici
1468 2366 1582 2399 mediis
1610 2367 1785 2407 breviores,
1812 2365 1933 2410 postici

240 2418 411 2462 longiores,
436 2439 476 2444 ——
503 2420 672 2452 Abdomen
697 2422 791 2454 linem
816 2435 930 2455 versus
956 2425 1140 2468 augustius,
1164 2425 1323 2457 fasciculo
1348 2424 1508 2457 terminali
1532 2424 1741 2469 longissimo.
