2087 2777
961 127 1008 160 19

133 230 274 262 rioribus
300 230 503 266 adiacentes}
537 229 653 260 deinde
682 229 960 272 mesopodolhecae
984 241 1017 274 p.
1040 241 1083 274 p„
1114 229 1197 260 inter
1229 240 1309 271 quas
1341 240 1475 270 prorsus
1505 229 1669 270 posterius
1695 231 1831 263 extremi

133 288 212 319 fines
244 294 407 320 tarsorum
437 287 557 329 pedum
587 285 807 328 posteriorum
839 291 1006 329 tamquam
1036 286 1308 330 metapodolhecae
1332 298 1361 329 q.
1393 291 1590 328 comparent.
1637 289 1831 320 Anti-orsum

135 345 432 388 mesopodothecas
459 343 606 374 diversae
623 348 732 385 partes
748 344 999 388 propodothecae
1016 343 1182 386 excipiunt
1199 348 1229 373 et
1248 342 1386 385 primum
1405 343 1535 385 quidem
1553 356 1579 376 o.
1598 356 1639 383 0.,
1664 351 1733 377 tum
1750 359 1780 380 η.
1798 359 1830 379 n.

133 404 182 435 Ex
208 403 326 447 quibus
352 415 382 435 η.
400 414 430 434 η.
456 409 577 438 tarsos7
602 400 697 432 tibias
723 406 755 432 et
778 401 912 439 femora,
938 413 967 434 η,
986 414 1017 434 n.
1045 413 1130 438 vero,
1158 400 1274 431 saltem
1293 411 1331 431 ex
1348 406 1439 442 parte
1457 412 1515 432 sna
1533 402 1703 441 anteriore,
1730 416 1829 435 coxas

133 460 227 504 primi
252 461 371 503 pedum
396 457 483 501 paris
508 457 664 496 continet,
691 458 769 489 dum
792 470 867 501 pars
892 459 1056 501 posterior
1078 459 1228 490 lacunam
1254 457 1354 488 modo
1380 457 1500 500 alioqui
1526 459 1683 491 orientem
1701 462 1832 493 conclu-

136 518 190 550 dit.
241 519 280 549 At
304 516 389 559 apud
414 516 587 558 plerasque
613 528 715 558 pupas
741 515 916 559 plurimum
948 515 1058 547 statim
1091 527 1188 558 super
1219 527 1249 548 η.
1275 528 1305 548 n.
1332 515 1505 558 utrobique
1536 517 1667 549 minima
1693 525 1829 562 angusta

134 575 241 618 portio
258 573 498 611 nansversalis,
523 573 588 605 fere
609 573 718 615 specie
742 573 826 605 latae
852 579 964 605 costae
982 573 1220 611 transversalis,
1246 572 1426 605 clarissime
1444 573 1709 607 aninuulvertitur
1732 588 1772 609 m.
1789 588 1830 609 m.

134 633 221 664 Haec
247 644 374 674 semper
399 644 473 663 cnm
499 630 645 673 partibus
672 643 698 665 o.
719 644 747 663 o.
774 637 806 662 et
829 644 860 664 η.
878 644 909 664 η.
934 631 1054 663 arctius
1081 631 1231 674 copulata
1256 636 1376 669 manet,
1401 631 1525 664 necnisi
1542 633 1656 675 vagina
1684 634 1831 666 trochan-

134 690 210 723 teris
240 689 354 732 utique
385 688 598 721 existimanda
631 695 690 720 est.
739 689 850 720 Partes
874 691 899 733 f.
925 694 956 720 et
979 701 1007 732 9.
1033 689 1127 731 plane
1157 688 1235 720 infra
1270 690 1300 720 in
1332 688 1413 721 linea
1446 690 1551 721 media
1578 690 1657 722 sitas
1683 703 1742 722 nos
1768 692 1832 723 iam

135 746 447 791 catagnathothecas
474 752 503 778 et
529 746 805 788 pselaphotliecas
831 746 1086 789 cephalothecae
1111 747 1259 790 cognitas
1285 747 1455 779 habemus.

294 806 439 836 Cunctae
465 809 584 842 autem,
610 816 691 846 quas
716 804 960 842 recensuimus,
986 809 1111 847 partes,
1143 810 1238 846 prout
1263 804 1293 835 in
1319 804 1461 848 imagine
1487 805 1723 849 longitudinem
1750 808 1830 839 acci-

132 863 225 906 piunt
249 863 422 899 diversam,
447 861 478 892 in
502 873 589 903 pupa
614 861 696 892 inter
721 874 755 892 se
783 862 911 893 diverse
937 873 971 893 se
996 862 1114 893 habere
1139 868 1291 904 possunt,
1317 862 1404 905 quod
1429 862 1492 901 hic,
1518 863 1573 895 ubi
1599 863 1660 895 sibi
1685 864 1833 908 proxime

133 920 308 964 contiguae
332 925 418 957 sunt,
442 919 540 962 longe
565 919 670 962 magis
695 919 836 961 patescit
861 925 892 951 et
917 920 956 951 ad
983 919 1128 963 singulas
1148 920 1274 962 species
1294 919 1564 952 discriminandas
1582 921 1742 965 insignius
1769 922 1832 954 exi-

134 978 200 1016 stit,
225 989 323 1021 quam
347 977 379 1008 in
402 976 543 1019 imagine
568 976 649 1019 ipsa.

290 1036 317 1077 ᾧ.
344 1035 394 1067 14.
442 1034 677 1066 Gasterothcca
703 1046 740 1065 ex
768 1035 946 1078 segmentis
973 1035 1086 1066 decem
1112 1041 1259 1073 constat,
1285 1036 1404 1079 quippe
1428 1038 1488 1069 tria
1514 1038 1617 1080 prima
1643 1038 1748 1069 trunci
1774 1039 1832 1069 lar-

132 1105 244 1125 varum
268 1092 300 1123 in
325 1091 593 1124 thoracothecam
619 1091 759 1123 insnmta
787 1098 872 1123 sunt.
909 1092 1072 1135 Quodque
1091 1099 1334 1136 segmentorum
1360 1095 1398 1126 ab
1425 1095 1589 1138 contiguis
1615 1095 1756 1127 incisura
1782 1096 1832 1128 vel

132 1151 205 1193 plus
230 1150 282 1181 vel
307 1150 413 1182 minus
440 1155 549 1192 aperta
576 1155 762 1192 separatum
788 1155 853 1188 est,
885 1162 1024 1193 quorum
1054 1155 1163 1182 tamen
1194 1151 1258 1182 duo
1283 1152 1386 1194 prima
1413 1152 1562 1196 superius
1587 1158 1714 1185 tantum
1740 1153 1832 1185 dimi-

132 1208 219 1239 dium
244 1207 469 1246 manifestant,
495 1208 570 1250 quia
596 1208 752 1239 deorsum
776 1207 1013 1250 posterioribus
1046 1208 1299 1240 thoracothecae
1323 1209 1470 1251 partibus
1496 1211 1639 1242 obducta
1666 1216 1756 1249 sunt,
1788 1211 1832 1242 ita

132 1270 166 1297 ut
188 1264 243 1296 hic
269 1277 401 1308 quoque
427 1266 491 1296 duo
517 1265 620 1308 prima
648 1270 815 1309 segmenta
842 1265 949 1296 solum
975 1265 1197 1308 superioribus
1229 1265 1297 1298 suis
1330 1267 1472 1300 dimidiis
1498 1274 1627 1300 exstare
1650 1268 1829 1303 videantur,

131 1322 299 1355 Praeterea
325 1335 432 1366 pupae
457 1322 657 1365 quiescentis
683 1328 936 1366 contractaeque
960 1323 1152 1366 plerumque
1177 1323 1273 1355 etiam
1302 1331 1470 1368 segmenta
1500 1326 1649 1362 tertium.
1680 1332 1831 1369 quartum

131 1379 346 1424 quintumque
369 1380 450 1411 infra
474 1380 752 1422 prominentibus,
785 1392 845 1412 nec
875 1392 953 1412 vero
979 1393 1053 1413 cum
1079 1381 1257 1425 segmentis
1284 1383 1445 1415 concretis
1477 1383 1595 1415 finibus
1626 1384 1832 1426 podothecae

132 1443 164 1469 et
186 1437 395 1480 pterothecae
420 1437 574 1470 extremis
594 1439 723 1470 obtecta
742 1444 828 1477 sunt,
854 1444 890 1470 ut
913 1438 945 1469 in
969 1438 1022 1483 fig.
1039 1439 1089 1474 46.
1108 1452 1213 1483 usque
1231 1440 1270 1471 ad
1289 1446 1495 1484 segmentum
1513 1447 1664 1484 quartum
1690 1447 1831 1485 spectas,

132 1495 187 1527 ubi
212 1496 440 1528 tantummodo
467 1507 524 1527 sex
551 1501 718 1539 segmenta
744 1496 926 1539 posteriora
950 1508 1014 1528 non
1041 1502 1194 1539 cooperta
1212 1497 1413 1529 restiterunt.
1449 1498 1577 1542 Nempe
1600 1499 1708 1531 larvae
1734 1500 1832 1532 sesia-

133 1566 202 1585 rum
229 1553 369 1585 maxima
395 1554 539 1597 gaudent
563 1554 718 1598 agilitate,
745 1566 828 1597 quae
852 1554 947 1585 valde
972 1555 1112 1586 evolutis
1138 1555 1335 1587 membranis
1361 1556 1583 1599 synovialibns
1609 1558 1830 1599 posteriorum

132 1611 314 1654 marginum
340 1616 584 1655 segmentorum
610 1611 813 1655 singulorum
838 1611 985 1650 efficitur,
1010 1612 1096 1643 unde
1119 1612 1150 1643 in
1176 1625 1261 1655 pupa
1288 1613 1437 1656 elongata
1463 1614 1646 1657 frequenter
1670 1614 1831 1646 incisurae

132 1669 309 1701 admodum
333 1668 478 1713 insignes
504 1669 661 1700 oriuntur.
703 1669 824 1710 Quales
850 1682 866 1700 a
892 1669 997 1712 primo
1023 1675 1193 1713 segmento
1221 1683 1324 1714 usque
1350 1672 1388 1703 ad
1414 1677 1568 1704 octavum
1594 1677 1719 1715 septem
1744 1672 1830 1705 inve-

132 1727 251 1765 nimus‚
276 1738 412 1770 quarum
438 1738 521 1770 quae
552 1727 635 1758 inter
665 1726 797 1758 tertium
829 1733 860 1759 et
891 1727 1065 1770 septimum
1096 1734 1302 1771 segmentum
1334 1729 1479 1761 existunt
1508 1729 1650 1761 maxime
1681 1730 1831 1762 evolutae

133 1789 218 1816 sunt.
267 1784 383 1815 Solum
407 1784 548 1827 primum
574 1790 781 1828 segmentum
807 1797 880 1816 cum
905 1785 1181 1824 metanototheca5
1207 1792 1359 1818 octavum
1385 1798 1460 1818 cum
1485 1799 1583 1825 nono,
1608 1799 1730 1819 nonum
1755 1800 1829 1820 cum

133 1841 262 1874 decimo
286 1841 318 1872 in
342 1842 478 1874 modum
502 1842 705 1874 immobilem
730 1842 839 1874 iuncta
865 1842 998 1885 reperis.

290 1899 436 1931 Primum
461 1905 668 1944 segmentum
694 1900 858 1938 deorsum,
884 1905 920 1931 ut
945 1899 1096 1939 diximus,
1120 1912 1256 1943 prorsus
1275 1900 1544 1944 superinductum
1570 1914 1698 1945 semper
1716 1903 1830 1935 laevis-

134 1957 252 1989 simum
283 1963 334 1989 est
365 1963 396 1989 et
424 1957 506 1994 loci,
538 1957 593 1990 ubi
625 1970 663 1989 ex
695 1957 843 2001 analogia
873 1969 890 1988 a
914 1957 1011 1989 larvis
1037 1957 1137 2000 petita
1163 1958 1315 2002 stigmata
1340 1964 1468 1991 exstare
1493 1960 1671 1999 debebant,
1697 1960 1828 1993 omnino

134 2015 332 2057 pterothecis
357 2015 436 2047 tecti
462 2021 538 2047 sunt
562 2021 661 2058 atque
685 2027 782 2059 aegre
812 2016 911 2046 modo
942 2021 1081 2058 quatuor
1111 2015 1264 2047 minimae
1293 2027 1447 2048 verrucae
1478 2022 1600 2049 setatae
1629 2017 1829 2050 animadver-

135 2078 254 2111 tuntur,
281 2072 428 2105 similiter
458 2085 495 2105 ac
525 2085 680 2105 verrucae
712 2078 956 2116 segmentorum
987 2073 1258 2117 subsequentium
1291 2073 1481 2106 collocatae.
1528 2074 1618 2107 Haec
1649 2081 1827 2120 segmenta,

136 2135 272 2173 excepto
297 2136 466 2173 postremo
496 2130 702 2174 peculiariter
731 2130 1000 2173 contemplando,
1032 2136 1165 2170 cuncta,
1190 2136 1227 2162 ut
1250 2130 1355 2169 aiunt,
1381 2132 1576 2165 adminicula
1600 2132 1760 2176 (Kirby)
1785 2133 1827 2165 fe-

134 2192 219 2225 runt,
244 2199 327 2230 quae
352 2200 391 2220 ex
416 2188 499 2221 serie
522 2188 718 2232 pusillorum
744 2193 775 2219 et
800 2193 971 2220 acutorum
1004 2193 1035 2220 et
1063 2188 1094 2219 in
1124 2193 1249 2231 partem
1282 2188 1444 2232 posticam
1474 2189 1672 2222 directorum
1696 2201 1826 2233 proces-

137 2257 233 2277 suum
259 2245 432 2287 spinalium
458 2246 719 2284 constituuntur,
749 2245 805 2289 qui
835 2257 956 2288 pupam
987 2258 1060 2278 sese
1085 2251 1271 2278 moventem
1297 2246 1478 2279 sublevant.
1524 2247 1647 2280 Eadem
1671 2259 1748 2279 vero
1774 2247 1826 2278 ad-

135 2302 288 2334 minicula
313 2302 344 2333 in
371 2303 442 2335 solo
466 2304 566 2336 latere
591 2303 713 2335 dorsali
738 2303 941 2335 decurrentia
974 2303 1100 2335 circiter
1129 2304 1160 2335 in
1191 2303 1297 2336 media
1326 2304 1409 2336 linea
1434 2304 1558 2336 laterali
1582 2304 1745 2336 finiuntur.
1792 2305 1825 2336 ln

135 2360 234 2393 maris
259 2366 431 2404 segmento
457 2362 602 2394 secundo
628 2373 734 2405 usque
758 2361 798 2392 ad
824 2360 1010 2403 septimum,
1035 2361 1066 2392 in
1090 2361 1229 2393 feminae
1253 2367 1362 2393 autem
1386 2362 1531 2394 secundo
1562 2373 1668 2404 usque
1692 2362 1730 2393 ad
1757 2374 1825 2394 sex-

136 2422 206 2449 tum
229 2417 304 2449 bina
329 2417 451 2461 ubique
476 2419 759 2462 deprehendimus.
795 2418 888 2451 Prius
907 2418 1140 2451 adminiculum
1157 2431 1257 2462 paene
1274 2432 1409 2463 prorsus
1431 2419 1462 2451 in
1485 2419 1643 2451 anteriore
1667 2419 1824 2463 segmenti

1578 2478 1612 2503 3ss
