2087 2777
979 127 1024 160 11

153 234 293 276 desuper
318 238 414 264 ovata
440 238 505 268 θεὶς
531 231 615 274 apud
642 230 782 261 minores
808 241 884 260 vero
912 228 1014 261 sesias
1041 228 1389 265 (tenthrediniformem
1416 235 1442 261 et
1466 229 1710 272 {ipulisoi-111ein)
1737 230 1852 262 saltem

153 291 257 323 media
285 291 436 334 stigmata
462 288 639 321 orbiculata
666 286 820 318 existunt.

311 349 402 379 Adeo
434 357 618 383 erucarum,
651 356 734 387 quae
764 344 833 387 pari
865 344 1103 387 propemodum
1136 344 1359 386 magnitudine
1390 350 1481 383 sunt,
1513 351 1548 377 ut
1578 345 1788 378 culiciformis
1821 353 1848 378 et

153 405 433 442 sormicaeformis,
460 403 601 446 speciem
627 402 720 434 valde
746 402 905 433 diversam
932 401 1092 433 videmus.
1118 413 1219 444 quum
1244 400 1368 444 priores
1394 401 1494 434 ferme
1520 416 1654 446 prorsus
1684 405 1852 442 rotundae,

154 463 351 507 posteriores
379 461 492 504 utique
517 466 632 492 ovatae
658 459 732 491 sint.
774 459 889 502 Neque
913 459 1020 490 minus
1045 460 1128 492 ratio
1146 459 1375 502 utafflu'tudinis
1394 459 1582 503 stigmatum
1601 462 1757 494 adversus
1785 476 1852 495 cru-

153 534 210 553 cae
234 519 489 563 magnitudinem
515 518 546 549 in
573 517 709 561 singulis
737 517 909 560 speciebus
928 517 1043 555 differt,
1069 517 1112 548 ita
1137 522 1172 548 ut
1198 516 1295 548 etiam
1313 529 1429 548 erucae
1446 517 1584 550 maiores
1603 519 1723 562 speciei
1747 521 1851 552 cuius·

152 579 238 622 piam
262 578 386 609 minora
414 577 565 620 stigmata
593 586 703 618 gerere
728 575 858 618 possint
883 587 981 618 quam
1008 574 1148 605 minores
1182 587 1298 606 erucae
1329 574 1639 608 tcnthredinifmmis
1669 578 1721 609 vel
1745 578 1851 610 leuco-

154 635 353 679 spidiformis
379 634 510 665 habent.
559 633 721 664 Externus
748 634 889 666 annulus
919 645 1068 671 corneus,
1100 645 1164 675 quo
1196 633 1351 675 quodque
1381 632 1499 676 stigma
1526 634 1746 667 circmndatm·
1769 636 1853 668 eius-

154 694 293 736 demque
318 693 419 723 l'orma
446 690 667 729 ccmstituitur,
693 691 823 723 fuscum
849 696 904 722 aut
929 691 1161 722 llavcscentem
1189 703 1263 733 prae
1289 702 1324 721 se
1349 690 1408 722 sert
1434 691 1588 729 colorem,
1614 693 1668 735 qui
1687 695 1772 736 apud
1791 695 1852 725 sin-

154 751 246 792 gulas
279 750 404 793 specIes
438 749 510 792 plus
542 748 691 780 minusve
724 754 889 780 saturatus
921 760 1109 791 comparere
1140 753 1260 790 polest.
1308 748 1341 779 ln
1374 749 1519 780 secundo
1551 755 1659 781 autem
1693 752 1854 795 tertioque

154 814 325 851 segmento
358 806 499 850 parvulis
536 806 637 837 fuscis
676 806 757 837 loris
795 806 923 838 corneis
954 818 1011 837 eos
1049 806 1238 849 designatos
1277 818 1350 837 esse
1379 807 1590 839 memorabile
1626 807 1763 847 videtur,
1801 810 1853 841 ubi

153 866 317 909 stigmata,
343 876 425 909 quae
450 865 578 901 desunt,
605 863 744 895 existere
770 864 933 895 deberent.
982 864 1046 905 Qui
1076 864 1140 895 loci
1172 864 1202 894 in
1236 864 1338 895 media
1365 864 1417 895 siti
1444 870 1520 896 sunt
1544 865 1626 897 linea
1652 866 1790 905 laterali,
1824 868 1853 898 in

152 929 243 967 parte
267 923 438 965 utriusque
464 921 624 965 segmenti
650 921 841 964 posteriore.

311 982 338 1018 Q.
366 982 393 1012 7.
442 981 549 1018 Pedes,
575 979 630 1022 qui
656 979 685 1010 iu
713 980 815 1011 tribus
842 979 953 1022 primis
979 979 1084 1011 trunci
1117 979 1296 1023 segmentis
1322 979 1388 1011 bini
1418 979 1627 1012 inveniuntur
1657 984 1767 1026 (pedes
1790 985 1855 1015 veri

153 1040 337 1077 larvarum).
364 1050 421 1070 sex
446 1037 586 1081 pedibus
613 1036 728 1068 insecti
754 1037 889 1079 perfecti
913 1038 1113 1080 respondent
1138 1043 1169 1069 et
1194 1038 1313 1081 pariter
1330 1044 1428 1082 atque
1444 1037 1477 1069 hi
1502 1050 1541 1069 ex
1559 1040 1702 1082 quodam
1720 1052 1855 1072 numero

153 1097 372 1129 membrorum
399 1100 562 1133 constant,
587 1106 671 1137 quae
697 1100 813 1131 tamen,
841 1096 928 1138 quod
948 1101 1086 1127 cunctos
1112 1095 1185 1126 illos
1214 1107 1271 1127 sex
1295 1096 1394 1139 pedes
1420 1096 1544 1135 attinet,
1570 1094 1639 1139 pari
1663 1103 1798 1130 utuntur
1823 1104 1855 1130 et

153 1154 309 1197 qualitate
334 1160 365 1186 et
390 1152 602 1195 longitudine.
651 1152 795 1184 Primum
820 1153 938 1185 horum
962 1153 1182 1185 membrorum
1209 1165 1295 1185 mera
1322 1159 1373 1185 est
1403 1154 1532 1186 tunicae
1562 1155 1777 1187 abdominalis
1805 1168 1855 1187 ex-

153 1212 297 1251 cavatio,
331 1212 545 1255 quamobrem
576 1210 683 1241 minus
716 1217 805 1243 recte
835 1211 1018 1243 membrum
1043 1217 1257 1254 nuncupatur.
1306 1212 1459 1243 Formam
1483 1212 1549 1243 fere
1572 1225 1734 1245 mammae
1758 1213 1856 1246 habet

153 1275 185 1301 et
208 1268 363 1301 interiore
389 1268 420 1300 in
446 1269 546 1300 latere
572 1269 632 1300 sub
658 1269 753 1300 finem
781 1281 875 1300 suum
903 1268 1019 1301 seriem
1045 1269 1125 1312 gerit
1152 1275 1292 1312 quatuor
1317 1270 1368 1301 vel
1393 1269 1538 1313 quinque
1563 1275 1723 1310 setarum,
1754 1283 1853 1314 quum

159 1326 266 1358 minor
292 1327 451 1369 quaedam
478 1332 547 1358 seta
571 1326 603 1358 in
628 1327 698 1358 basi
723 1326 899 1358 introrsum
926 1333 958 1359 et
982 1333 1166 1359 antrorsum
1191 1332 1308 1360 exstat.

314 1384 397 1416 luter
422 1385 605 1416 membrum
630 1396 708 1416 vero
734 1384 875 1427 primum
906 1390 937 1416 et
969 1396 1109 1427 sequens
1141 1385 1247 1416 maius
1273 1385 1455 1417 membrum
1480 1385 1634 1424 alterum,
1665 1386 1720 1429 qui
1745 1386 1854 1429 paullo

154 1441 341 1485 diligentius
368 1442 511 1473 animum
537 1442 691 1480 attendit,
722 1442 753 1473 in
784 1442 884 1473 latere
915 1441 1067 1474 interiore
1100 1454 1255 1474 corneum
1287 1443 1441 1474 annulum
1471 1444 1649 1475 admodum
1679 1449 1855 1487 angustum

155 1499 295 1532 dilucide
321 1500 494 1542 conspicit,
520 1500 574 1543 qui
600 1506 665 1532 tam
693 1500 860 1543 superiore
884 1512 981 1543 quam
1006 1499 1158 1531 inferiore
1177 1501 1362 1532 membrana
1389 1501 1549 1544 synoviali
1575 1514 1649 1533 cum
1674 1501 1738 1533 illis
1756 1514 1855 1533 mem-

154 1557 220 1589 bris
248 1557 411 1590 cohaeret.
460 1558 552 1599 Quae
583 1559 789 1589 membranae
821 1557 1007 1601 synoviales
1034 1563 1218 1589 extrorsum
1244 1564 1379 1594 coeunt,
1412 1559 1497 1590 unde
1520 1559 1573 1590 hic
1598 1560 1723 1591 nullum
1747 1560 1855 1591 annuli

156 1615 331 1658 vestigium
358 1615 618 1658 deprehenditur.
666 1615 755 1647 Haec
781 1621 832 1647 est
856 1615 917 1647 ista
943 1628 1034 1658 pars,
1066 1616 1106 1647 de
1130 1628 1193 1659 qua
1219 1615 1303 1659 Lyo
1315 1628 1333 1647 n
1344 1622 1411 1647 net
1436 1617 1494 1648 ait:
1536 1618 1642 1654 „c’est
1666 1630 1708 1649 un
1735 1618 1855 1649 double

154 1672 209 1716 pli,
235 1673 290 1716 qui
315 1672 434 1705 faeilite
460 1673 489 1705 le
515 1679 723 1705 mouvement
750 1674 789 1705 de
814 1673 842 1704 la
867 1674 1014 1715 jambe“,
1046 1674 1101 1705 sed
1134 1686 1149 1705 a
1180 1674 1328 1716 pluribus
1360 1674 1474 1706 aetatis
1500 1675 1691 1707 recentioris
1717 1675 1854 1707 auctori-

153 1731 215 1762 bus
241 1730 363 1762 mentio
388 1731 473 1762 nulla
499 1731 582 1762 facta
609 1737 669 1762 est.

315 1788 506 1820 Secundum
523 1789 718 1827 membrum,
743 1788 901 1832 qualitate
926 1801 1055 1828 cornea,
1082 1790 1227 1832 speciem
1244 1789 1352 1822 brevis
1371 1790 1507 1833 cylindri
1524 1790 1621 1822 refert
1638 1796 1736 1834 atque
1753 1803 1856 1834 aeque

156 1845 332 1878 introrsum
360 1847 420 1878 sub
446 1847 542 1878 finem
569 1859 663 1878 suum
691 1847 806 1879 seriem
834 1847 962 1878 circiter
986 1853 1126 1890 quatuor
1151 1853 1294 1879 setarum
1319 1847 1414 1879 nobis
1442 1848 1545 1880 offert.
1586 1847 1733 1880 Tertium
1757 1860 1856 1880 mem-

155 1904 265 1942 brum,
305 1903 331 1935 si
362 1904 401 1935 ab
432 1904 501 1936 eius
532 1904 736 1948 longitudine
768 1911 799 1936 et
830 1905 1047 1937 crassitudine
1075 1905 1184 1948 paullo
1214 1905 1339 1936 minore
1371 1905 1579 1944 discesseris,
1616 1906 1732 1937 eodem
1761 1907 1855 1950 plane

154 1962 253 1992 modo
279 1967 315 1993 ut
341 1962 520 1993 secundum
553 1968 779 2005 comparatum
809 1968 869 1994 est.
918 1962 1076 2003 Quartum
1108 1968 1216 1994 autem
1247 1963 1429 1994 membrum
1460 1963 1563 1994 multo
1594 1963 1725 2007 longius
1758 1977 1855 2007 quam

155 2024 332 2063 utrumque
364 2030 611 2063 praegressum,
645 2020 702 2052 sed
732 2020 782 2051 his
815 2020 987 2063 angustius
1021 2026 1071 2052 est
1099 2033 1136 2053 ac
1167 2020 1305 2052 formam
1337 2020 1468 2052 exhibet
1492 2021 1622 2064 longius
1647 2022 1798 2064 porrecti,
1824 2022 1854 2053 in

157 2083 247 2118 parte
272 2077 378 2109 antica
406 2077 588 2109 detruncati
615 2077 698 2109 coni.
746 2078 834 2109 Idem
860 2077 1037 2110 introrsum
1069 2079 1128 2110 sub
1159 2079 1254 2110 finem
1281 2091 1376 2109 suum
1403 2079 1483 2109 duas
1508 2078 1560 2110 vel
1584 2083 1650 2110 tres
1681 2079 1741 2111 fert
1768 2085 1854 2111 setas

157 2140 187 2165 et
211 2140 376 2177 praeterea
402 2135 471 2166 eius
503 2135 557 2166 fini
589 2147 707 2178 genere
732 2136 875 2178 quodam
906 2135 1110 2179 rhizonychii
1142 2136 1268 2168 solidus
1299 2135 1496 2179 unguiculus
1528 2142 1681 2168 curvatus
1712 2137 1852 2169 insertus

157 2197 217 2222 est.
264 2192 455 2236 Analogiam
481 2192 532 2224 his
559 2192 705 2235 partibus
731 2205 804 2225 cum
834 2205 930 2231 coxa,
956 2193 1172 2232 trochantere,
1198 2194 1339 2233 femore,
1363 2193 1442 2225 iibia
1468 2198 1499 2225 et
1523 2193 1620 2225 tarsis
1646 2194 1761 2226 insecti
1785 2206 1855 2237 per—

155 2248 232 2280 fecti
257 2248 456 2282 intercedere
480 2251 543 2282 iam
569 2251 608 2281 ab
635 2250 705 2281 aliis
732 2251 922 2282 auctoribus
947 2250 1050 2294 idque·
1071 2251 1194 2294 optimo
1220 2251 1289 2283 iure
1313 2250 1474 2283 monitum
1502 2256 1562 2283 est.

317 2307 423 2339 Ceteri
450 2309 562 2340 decem
588 2308 687 2351 pedes
713 2308 874 2340 larvarum
900 2309 1005 2352 (pedes
1029 2309 1156 2353 spurii),
1182 2314 1217 2340 ut
1241 2309 1381 2352 primum
1412 2309 1594 2341 membrum
1619 2309 1738 2352 pedum
1763 2322 1854 2341 vero-

155 2376 237 2402 rum,
263 2366 490 2397 tantummodo
516 2378 625 2398 merae
651 2372 727 2398 sunt
751 2366 880 2398 tunicae
905 2365 1119 2397 abdominalis
1144 2366 1385 2404 exornationes,
1411 2379 1494 2410 quae
1512 2367 1597 2410 apud
1616 2366 1761 2410 singulas
1783 2378 1853 2410 spe-

156 2421 222 2453 eies
248 2421 337 2464 ipsas
363 2421 500 2455 diversis
526 2423 610 2456 vitae
634 2424 777 2467 periodis
797 2423 944 2455 diversae
962 2436 1115 2466 apparere
1132 2430 1282 2467 possunt.
1321 2424 1464 2456 Primum
1484 2436 1559 2456 vero
1578 2429 1719 2467 quatuor
1736 2424 1854 2463 media,

1608 2484 1643 2509 :2ss
