2087 2777
1051 88 1073 122 4

223 198 288 241 (fig.
314 198 378 237 37.)
407 201 532 239 11136161
563 195 693 227 traiecta
723 191 959 235 hemisphaeria
991 190 1111 222 maiora
1138 201 1167 222 a.
1194 200 1224 222 α.
1255 189 1335 220 duas
1366 193 1474 231 partes
1506 186 1729 229 conspicimus
1760 187 1910 219 laterales

223 256 248 289 b.
274 256 299 288 b.
328 265 489 296 unamque
513 252 650 285 mediam
675 262 709 288 c.‚
734 261 816 293 quae
840 261 943 292 paene
967 260 1072 291 usque
1097 247 1136 278 ad
1161 246 1257 278 finem
1285 258 1380 278 suum
1406 251 1437 278 et
1461 245 1543 276 inter
1568 256 1603 276 se
1628 249 1660 275 et
1686 244 1911 287 superioribus

222 324 295 344 cum
320 311 466 354 partibus
493 314 662 341 concretae
687 313 772 340 sunt.
821 307 966 350 Utraque
996 317 1070 349 pars
1101 304 1243 336 lateralis
1274 303 1307 334 in
1336 302 1485 335 maxillas
1512 315 1586 334 eum
1612 301 1715 345 palpis
1741 302 1911 334 maxillari-

221 370 281 400 bus
307 368 383 407 exit,
409 368 513 400 media
537 372 723 398 antrorsum
748 365 779 396 in
804 365 918 396 tubere
942 363 1085 395 fusulum
1117 368 1147 394 et
1178 362 1293 405 palpos
1322 361 1457 393 labiales
1487 360 1609 392 ferente
1639 365 1738 403 atque
1763 364 1911 392 extremo

222 426 252 458 in
278 426 339 458 11116
363 425 506 468 linguam
532 424 764 456 conformante.
781 425 804 462 ‘)

382 484 523 515 Truncus
549 493 716 513 erucarum
743 479 899 511 5651311011
925 479 1062 510 formam
1088 477 1222 521 cylindri
1253 477 1331 508 infra
1364 477 1437 519 plus
1469 487 1567 518 quam
1593 487 1689 518 supra
1716 475 1914 518 complanati

220 541 327 579 habet,
352 539 520 571 latitudine
545 539 707 582 posterius
733 538 952 569 decrescente.
988 536 1022 566 In
1048 547 1086 566 eo
1105 541 1244 577 tergum.
1269 536 1334 566 duo
1359 534 1458 565 latera
1485 538 1516 565 et
1533 533 1695 565 abdomen
1713 532 1914 576 distinguere

223 598 377 629 solemus.
424 596 512 628 Idem
545 608 582 628 ex
614 595 768 627 tredecim
801 598 930 625 constat
960 593 1124 635 partibus,
1156 604 1240 635 quae
1270 596 1438 634 segmenta
1463 591 1515 623 vel
1540 590 1650 622 annuli
1674 595 1913 633 nuncupantur.

222 655 383 697 Quodque
407 653 524 685 horum
550 658 792 695 segmentorum
818 663 892 683 cum
918 650 1130 682 antecedente
1154 655 1210 680 aut
1235 649 1457 692 subsequente
1486 660 1544 692 per
1569 648 1791 680 membranam
1816 660 1915 692 quan-

222 713 294 743 dam
328 711 529 754 synox‘ialem
559 710 767 742 coniunctum
800 714 849 741 est
874 714 903 739 et
929 708 992 739 1106
1018 708 1091 739 1060
1117 706 1340 739 libulationem
1371 705 1444 749 plus
1476 706 1528 737 vel
1559 705 1666 737 minus
1699 705 1915 749 conspicuam

222 774 374 801 ostentat.
422 768 506 800 Tum
531 768 701 811 quodlibet
726 771 932 810 segmentum
957 765 1118 809 quosdam
1142 764 1312 796 musculos
1338 763 1400 806 ipsi
1427 763 1489 795 soli
1514 763 1663 806 proprios
1688 763 1827 802 habent,
1859 764 1915 808 qui

221 826 417 870 peculiarem
442 826 510 857 eius
537 825 713 869 agilitatem
738 837 774 856 ac
801 823 1007 855 motilitatem
1031 823 1188 854 adversus
1216 827 1384 865 segmenta
1403 821 1556 864 contigua
1583 821 1768 853 conciliant.
1809 821 1915 854 Sicuti

221 896 297 916 vero
323 884 353 915 in
379 883 537 915 sesiarum
563 882 678 920 6111615,
704 882 780 913 116111
804 881 835 913 111
861 880 1012 912 0101111105
1039 879 1144 912 6111615
1170 879 1450 922 lepidopterorum
1475 880 1620 912 tredecim
1637 881 1740 913 trunci
1756 888 1916 924 seymenla

222 947 291 973 tum
315 941 404 985 111115,
436 947 504 972 tum
536 940 641 972 minus
676 939 814 971 dilucida
845 939 1040 982 1611610005,
1071 938 1159 981 quod
1189 937 1364 980 hucusque
1389 949 1517 980 semper
1547 938 1833 980 praetermissum,
1863 938 1916 970 vel

222 999 373 1031 consulto
402 999 512 1042 potius
547 1011 611 1029 non
643 997 788 1039 agnitum
819 1002 886 1034 651,
917 1008 1017 1039 quum
1046 1001 1162 1027 trunco
1195 1006 1364 1027 erucarum
1388 995 1519 1027 nonnisi
1544 995 1720 1027 duodecim
1746 1000 1916 1039 segmenta

224 1057 446 1090 tribuerentur,
492 1056 571 1087 Illud
598 1055 727 1099 quidem
754 1054 905 1086 consulto
937 1066 1001 1085 non
1026 1053 1172 1096 agnitum
1203 1052 1315 1084 dicens
1341 1052 1552 1095 potissimum
1577 1053 1741 1097 intelligo,
1766 1052 1916 1085 illustris-

223 1114 341 1146 simum
364 1114 620 1157 Lyonnetum
645 1112 774 1156 egregio
800 1112 831 1144 in
855 1112 948 1150 111110,
974 1110 1028 1154 qui
1052 1110 1239 1143 inscribitur
1265 1110 1387 1149 „traite
1411 1110 1621 1154 anatomique
1646 1111 1686 1143 de
1709 1111 1739 1142 la
1765 1110 1916 1149 611601116,

222 1171 276 1215 qui
301 1183 402 1215 ronge
427 1172 456 1203 le
480 1171 552 1202 bois
579 1171 618 1203 dc
644 1170 753 1202 saulc“
779 1169 934 1202 tredecim
960 1169 1022 1201 ista
1049 1174 1216 1213 segmenta
1243 1168 1411 1200 enucleate
1436 1168 1620 1201 delineasse
1646 1168 1839 1236 singqlaque
1863 1169 1916 1201 de-

223 1229 406 1272 scripsisse,
431 1235 573 1260 attamen
598 1240 698 1261 10610,
722 1233 758 1259 ut
783 1227 920 1260 videtur.
944 1238 1079 1258 numero
1106 1226 1265 1258 tredecim
1290 1238 1354 1258 non
1372 1226 1551 1269 propitium
1577 1227 1642 1258 duo
1663 1232 1831 1270 segmenta
1856 1238 1915 1270 pro

222 1299 286 1318 uno
313 1292 534 1330 computasse,
559 1285 679 1329 quippe
704 1285 796 1329 chap.
822 1286 857 1317 ll.
883 1298 955 1329 pag.
981 1286 1032 1318 21.
1058 1284 1105 1316 sic
1132 1283 1189 1315 ait:
1231 1283 1356 1315 Toutes
1382 1283 1429 1316 les
1456 1283 1612 1316 chenilles
1639 1289 1695 1316 ont
1720 1296 1758 1316 en
1785 1284 1916 1328 general

222 1344 251 1375 le
276 1355 371 1387 corps
398 1343 501 1375 divise'
525 1356 563 1375 en
588 1343 692 1374 douzc
717 1355 873 1382 anneaux,
899 1344 978 1375 dont
1002 1343 1032 1374 16
1057 1342 1192 1380 dernier,
1218 1341 1301 1374 celui
1319 1341 1374 1385 qui
1391 1341 1528 1373 termine
1544 1342 1574 1373 la
1593 1342 1695 1385 partie
1711 1341 1916 1385 posterieure

224 1405 336 1444 parait,
361 1403 377 1433 a
402 1401 430 1433 la
456 1401 567 1439 verite,
594 1406 731 1432 souvent
756 1413 885 1433 comme
909 1401 960 1437 ici,
986 1402 1143 1443 compose'
1168 1400 1207 1431 de
1233 1400 1333 1437 deux;
1359 1399 1441 1431 mais
1465 1411 1549 1442 pour
1574 1411 1749 1432 conserver
1772 1399 1914 1432 l'unifor-

223 1459 300 1491 mite'
324 1459 345 1490 il
372 1458 522 1491 convient
547 1459 585 1490 de
609 1470 648 1490 ne
674 1458 702 1489 le
727 1458 913 1491 conside'rer
938 1458 1022 1489 alors
1048 1470 1111 1502 que
1136 1469 1265 1489 comme
1289 1469 1332 1488 un
1357 1457 1428 1489 seul
1453 1469 1578 1489 anneau
1603 1457 1780 1489 subdivise.

223 1560 304 1584 culmi
326 1559 407 1584 finem
430 1567 478 1584 ore
500 1559 640 1592 capientes
663 1559 800 1593 collapsas
823 1559 936 1584 exuvias
958 1568 1008 1592 per
1029 1562 1116 1584 totam
1139 1557 1330 1583 extensionem
1351 1557 1450 1583 inflare
1472 1563 1500 1583 et
1519 1566 1604 1591 super
1619 1566 1648 1583 re
1671 1558 1802 1592 quapiam
1824 1557 1916 1583 calida

224 1607 330 1633 inflatas
353 1607 483 1632 indurare
506 1616 660 1641 possumus.
705 1608 795 1634 Culmi
816 1608 898 1633 finem
920 1612 977 1633 tum
1000 1608 1025 1633 in
1048 1616 1100 1633 ano
1123 1607 1227 1641 optime
1248 1606 1446 1640 relinquimus,
1474 1614 1508 1631 ne
1530 1609 1629 1632 tenues
1651 1606 1701 1640 pili
1724 1610 1772 1632 aut
1795 1606 1851 1631 alia
1872 1606 1912 1631 in-

224 1656 311 1689 signia
332 1655 498 1690 posterioris
520 1656 607 1689 partis
630 1665 729 1682 erucae
750 1657 907 1682 laedantur.

382 1704 518 1738 Quaeque
539 1713 605 1729 vero
627 1704 722 1730 harum
743 1705 826 1730 trium
850 1704 1016 1730 observandi
1038 1704 1176 1730 rationum
1199 1703 1346 1730 commoda
1367 1702 1530 1737 suppeditat
1554 1703 1709 1737 peculiaria
1736 1713 1768 1730 36
1795 1703 1915 1729 dixerim

225 1753 296 1779 sere.
330 1752 365 1778 ad
393 1752 615 1787 disquisitionem
642 1753 847 1788 diligentiorem
873 1753 936 1787 plus
962 1753 1086 1779 minusve
1113 1758 1225 1778 cunetas
1251 1752 1367 1787 requiri.
1409 1751 1442 1777 In
1466 1752 1556 1777 erucis
1583 1752 1653 1778 vivis
1676 1752 1864 1779 duetilitatem
1887 1757 1915 1778 et

226 1801 398 1827 motilitatem
421 1801 590 1835 singularum
612 1802 731 1835 partium
752 1811 802 1836 per
824 1802 1015 1835 experimenta
1035 1801 1237 1836 cognoscimus,
1260 1809 1345 1836 quum
1364 1800 1502 1826 motiones
1518 1801 1772 1827 considerationem
1788 1805 1915 1828 exactam

225 1849 321 1875 erebro
344 1849 422 1874 nobis
444 1858 499 1874 non
521 1850 684 1876 concedunt.
724 1850 803 1876 Haec
824 1850 935 1884 quidem
957 1850 1011 1875 iam
1033 1850 1238 1884 exemplaribus
1266 1850 1293 1875 in
1315 1849 1415 1884 spiritu
1437 1848 1493 1874 vini
1516 1850 1665 1875 asservatis
1687 1850 1797 1876 facilior
1819 1850 1913 1876 reddi-

225 1903 278 1922 tur.
302 1897 349 1922 sed
370 1896 413 1922 1111·
436 1906 547 1932 quoquo
570 1898 652 1923 nimia
674 1898 862 1925 contractione
885 1904 912 1924 et
933 1899 1128 1933 corrugatione
1150 1898 1269 1925 maxime
1292 1898 1417 1932 corporis
1444 1902 1653 1932 segmentorum
1674 1898 1796 1933 insignia
1818 1907 1914 1925 eorum

226 1945 363 1971 interdum
385 1946 465 1971 etiam
487 1955 558 1971 nunc
581 1946 720 1972 difficilius
743 1947 1008 1973 animadvertuntur.
1050 1947 1157 1973 Eadem
1185 1951 1277 1973 autem
1304 1947 1332 1972 in
1355 1946 1445 1972 erucis
1468 1945 1605 1972 exhalatis
1627 1947 1731 1981 optime
1754 1952 1914 1978 cernuntur,

226 1995 273 2020 ubi
295 1999 408 2019 cunetae
429 1999 521 2027 partes
543 2004 603 2021 eum
626 1995 725 2021 damno
747 2004 812 2021 sane
833 1996 944 2022 habitus
967 1997 1101 2021 naturalis
1124 2005 1205 2031 quam
1228 1995 1347 2022 maxime
1376 1999 1509 2020 extensae
1537 1999 1609 2021 sunt.
1652 1994 1690 2021 Ut
1711 2004 1817 2030 organa
1839 1996 1913 2030 eapi-

226 2043 261 2068 tis
283 2043 327 2067 vel
351 2042 455 2076 aliquot
478 2044 559 2068 ctiam
582 2044 649 2069 alias
671 2050 764 2078 partes
786 2045 875 2070 trunci
898 2045 1070 2070 exactissime
1086 2049 1292 2079 percontemur.
1315 2044 1394 2070 nobis
1416 2052 1538 2078 quoque,
1560 2048 1591 2069 ut
1613 2043 1656 2070 Cl.
1680 2043 1798 2079 Speyeri
1820 2050 1913 2071 aueto-

228 2101 270 2117 res
297 2097 374 2118 sunt,
403 2091 536 2124 depositis
564 2093 670 2117 exuviis
697 2102 841 2118 erucarum
867 2097 895 2118 et
921 2093 1067 2119 cuticulam
1090 2093 1315 2119 commutantium
1343 2097 1371 2118 et
1401 2093 1429 2117 in
1455 2102 1557 2126 pupam
1585 2093 1745 2119 abeuntium
1772 2095 1914 2128 aptissime

227 2141 265 2166 uti
285 2140 360 2166 licet.

382 2188 405 2221 *)
429 2188 491 2213 Jam
514 2187 556 2214 Cl.
579 2188 694 2222 Speyeri
716 2198 766 2215 nos
788 2195 963 2221 monuerunt,
987 2195 1158 2225 quantopere
1179 2189 1333 2216 similitudo
1355 2190 1427 2216 inter
1449 2189 1578 2215 maxillas
1600 2198 1699 2216 erucae
1722 2191 1843 2226 eiusque
1864 2200 1913 2226 pe-

227 2236 275 2261 des
297 2244 378 2261 veros
400 2237 575 2262 intercedens
596 2237 664 2262 illud
686 2238 817 2271 placitum
839 2238 1002 2264 confirmare
1023 2238 1159 2269 videatur,
1182 2247 1289 2273 organa
1307 2238 1478 2265 insectorum
1499 2238 1709 2265 manducatoria
1730 2240 1767 2265 nil
1789 2240 1843 2266 nisi
1863 2249 1914 2274 pe-

228 2284 275 2309 des
297 2292 445 2310 conversos
467 2293 537 2310 esse.
568 2284 601 2311 Id
623 2294 656 2311 ex
677 2287 772 2320 primis
794 2287 913 2313 fortasse
935 2287 1104 2321 germinibus
1127 2295 1226 2313 6111636
1246 2287 1275 2312 in
1297 2296 1350 2313 ovo
1373 2295 1435 2312 sese
1451 2287 1606 2313 evolventis
1622 2289 1805 2321 comprobare
1827 2292 1913 2323 atque

229 2332 389 2363 ostendere,
416 2334 648 2367 quemadmodum
674 2340 756 2368 eaput
782 2336 869 2362 tribus
897 2344 930 2361 ex
955 2336 1084 2362 membris
1111 2339 1270 2362 concretum
1295 2335 1474 2362 iudicandum
1496 2336 1546 2367 sit,
1575 2340 1603 2362 et
1628 2337 1858 2364 iucundissimum
1885 2341 1914 2363 et

229 2380 412 2414 gratissimum
433 2391 503 2415 opus
526 2382 638 2417 quidem
659 2383 795 2410 existimo.
