2087 2777
947 132 996 166 59

279 236 391 279 Imaqo
415 235 447 266 in
471 235 578 267 lucem
603 233 711 276 prodit
735 233 843 265 medio
869 246 982 266 mense
1008 235 1156 277 Augusto
1187 246 1292 277 usque
1317 234 1356 265 ad
1382 239 1552 265 exeuntem
1578 235 1817 277 Septembrem.

280 293 385 325 Huius
411 292 516 324 sesiae
540 304 578 324 ex
601 290 700 322 larvis
726 291 986 324 Braconidarum
1011 291 1164 334 speciem,
1190 291 1374 323 Chelonum
1405 291 1621 334 pellucentem
1646 305 1711 326 var.
1732 292 1821 326 Nees

123 353 162 384 ab
179 351 234 384 Es.
275 350 662 391 Ichneumonidarumque
692 348 850 391 speeiem,
875 349 1088 380 Lissonotam
1112 348 1345 390 impressorem
1372 349 1465 379 Grav.
1492 348 1656 387 (feminam
1683 354 1820 391 tantum)

126 409 274 453 produxi.

284 467 377 497 Anno
402 463 577 507 praeterito
601 462 685 495 hanc
703 463 823 495 sesiam
847 463 988 506 primum
1014 475 1053 495 ex
1076 462 1240 494 radicibus
1260 461 1458 505 euphorbiae
1475 465 1673 507 cyparissiae
1697 472 1824 509 praeter

126 536 256 556 omnem
282 521 563 566 exspectationem
589 521 770 564 depromsi,
801 526 891 553 ratus
918 521 1058 559 scilicet,
1089 521 1194 552 larvas
1220 520 1283 552 illis
1309 526 1480 553 contentas
1511 523 1821 555 tenthrediniformis

127 594 209 616 esse,
258 581 348 613 sslam
380 585 488 611 autem
521 578 679 610 sinceram
703 578 819 621 Esperi
850 578 1137 622 leucopsiformem
1166 578 1268 610 fuisse
1292 578 1402 622 negari
1432 579 1559 622 nequit,
1589 593 1690 623 quum
1715 580 1822 612 omnia

127 645 234 672 cetera
260 638 329 670 eius
355 636 561 679 exemplaria,
587 648 670 679 quae
695 636 846 680 equidem
871 636 946 675 vidi,
979 649 1044 668 non
1070 636 1187 668 sinceri
1211 635 1474 679 leucopsiformis
1500 637 1614 681 Esperi
1640 650 1712 670 esse
1737 639 1823 671 vide-

126 703 246 730 rentur.
293 694 410 738 Neque
441 706 509 726 eam
542 693 847 736 leucopsiformem.
878 706 975 737 quam
1000 693 1537 726 Herricbius-Schaefferus
1568 695 1588 726 l.
1614 707 1639 729 c.
1672 708 1745 740 pag,
1772 697 1823 729 73.

128 753 274 787 excussit
300 759 330 785 et
356 752 461 795 suppl.
487 754 516 784 4.
541 751 723 790 delineavit,
749 764 857 783 veram
883 751 1095 795 Esperianam
1121 763 1195 783 esse
1220 757 1334 783 auctor
1358 751 1430 794 ipse
1454 751 1517 783 iam
1543 753 1777 788 animadvertit,

677 994 901 1040 SUBGENUS
932 995 992 1039 IV.
1056 994 1283 1039 BEMBECIA

511 1076 637 1108 Hiibner,
660 1076 870 1103 Herrich-Seh.
894 1092 928 1095 —
953 1075 1071 1107 SESIA,
1093 1076 1189 1111 Lasp..
1213 1076 1326 1108 Oehsh.‚
1348 1076 1446 1103 Boisd.

291 1155 398 1198 Caput
429 1154 581 1186 dimidiae
612 1154 678 1186 sere
710 1154 854 1186 thoracis
891 1153 1053 1186 latitudini
1090 1154 1236 1197 aequale.
1291 1154 1387 1186 Oculi
1425 1154 1608 1198 submagni‚
1644 1156 1825 1188 rotundati:

135 1213 230 1247 ocelli
255 1212 432 1257 permagni,
480 1214 647 1244 Antennae
672 1212 802 1243 dimidia
828 1212 949 1243 alarum
975 1211 1155 1243 amicarum
1185 1211 1390 1255 longitudine
1420 1211 1603 1251 breviores,
1634 1213 1825 1246 subfusifor-

135 1285 215 1311 mes,
241 1271 332 1315 apice
356 1282 420 1301 non
447 1275 571 1302 setatae
596 1270 662 1313 (fig.
690 1271 770 1310 18.):
796 1269 922 1301 articuli
949 1269 1067 1313 singuli
1091 1269 1122 1300 in
1147 1279 1170 1304 0⁷·
1195 1269 1408 1313 processibus
1438 1269 1523 1301 binis
1553 1269 1671 1313 longis,
1697 1270 1827 1309 efflatis,

133 1329 283 1362 instructi
309 1328 374 1371 (fig.
401 1328 464 1368 19).
517 1327 608 1371 Palpi
633 1327 766 1359 labiales
790 1328 922 1360 breves:
959 1327 1115 1359 articulus
1146 1327 1323 1359 terminalis
1355 1327 1464 1359 medio
1494 1327 1559 1359 fere
1587 1327 1732 1371 aequalis
1761 1329 1827 1372 (fig.

137 1388 203 1428 26),
249 1386 376 1430 Lingua
406 1385 583 1417 maxillaris
608 1385 717 1417 brevis
743 1391 841 1428 atque
870 1385 986 1419 tenuis.
1011 1405 1051 1409 ——
1083 1385 1161 1416 Alae
1190 1384 1316 1416 anticae
1346 1384 1456 1416 fasciis
1487 1385 1614 1417 duabus
1647 1385 1827 1429 squamatis

137 1444 287 1488 areisque
309 1443 414 1475 tribus
439 1443 594 1487 hyalinis:
620 1455 691 1475 area
717 1442 962 1486 longitudinalis
986 1442 1114 1474 macula
1141 1442 1243 1474 divisa
1275 1443 1340 1486 (fig.
1365 1442 1447 1484 66.):
1479 1448 1645 1474 costarum
1677 1444 1715 1474 ad
1748 1455 1828 1475 mar-

137 1503 246 1547 ginem
271 1501 463 1533 exteriorem
482 1500 685 1545 pergentium
704 1512 761 1532 sex
778 1506 906 1532 tantum
924 1501 1042 1532 adsunt
1067 1499 1110 1539 (in
1129 1500 1246 1532 ceteris
1265 1500 1360 1531 sesiis
1379 1512 1506 1543 semper
1524 1502 1674 1543 septem).
1697 1501 1829 1532 Alarum

142 1560 344 1604 posticarum
371 1564 482 1590 costae
507 1560 536 1591 3.
562 1564 592 1590 et
617 1560 647 1590 4.
673 1563 749 1601 post
779 1558 933 1602 angulum
965 1558 1228 1598 transversalem,
1259 1564 1418 1601 apertum,
1450 1570 1466 1590 e
1495 1558 1595 1602 longo
1625 1570 1716 1589 ramo
1742 1570 1828 1589 com—

138 1617 227 1650 muni
254 1617 412 1649 orientes:
437 1617 520 1649 inter
545 1621 654 1648 costas
684 1618 710 1648 l.
737 1628 753 1647 e
779 1621 809 1647 et
834 1616 864 1648 2.
889 1621 981 1647 costa
1005 1616 1125 1654 tenuis,
1151 1628 1233 1659 quae
1264 1615 1379 1648 ceteris
1406 1615 1500 1648 sesiis
1527 1615 1649 1647 deficit:
1681 1622 1772 1647 costa
1801 1618 1826 1649 1.

138 1688 156 1709 α
183 1675 312 1718 saepius
336 1674 424 1706 nulla
450 1675 515 1718 (fig.
542 1675 594 1712 61,
618 1674 680 1715 B.).
705 1693 745 1697 —
770 1673 874 1705 Pedes
894 1673 991 1704 antici
1016 1673 1132 1704 mediis
1151 1673 1327 1712 breviores,
1351 1673 1470 1717 postici
1487 1673 1602 1705 mediis
1627 1673 1830 1717 longitudine

139 1733 301 1777 aequales.
326 1752 369 1756 —-
394 1733 563 1764 Abdomen
588 1732 682 1763 finem
708 1743 823 1763 versus
849 1731 903 1762 vix
934 1731 1122 1775 angustius,
1154 1737 1323 1775 segmento
1355 1733 1383 1764 3.
1409 1743 1504 1774 supra
1537 1731 1681 1774 squamis
1713 1732 1828 1763 erectis

142 1792 319 1823 instructo:
345 1789 521 1821 fasciculus
546 1789 724 1821 terminalis
750 1789 844 1827 latus,
871 1788 1011 1831 penicilli
1038 1788 1180 1831 speciem
1206 1789 1374 1832 praebens.

775 1950 824 1982 15.
872 1947 1192 1980 IIYLAEIFORMIS

680 2008 765 2043 Lasp.
790 2009 819 2040 (l.
843 2017 865 2033 c.
888 2016 954 2042 pag.
981 2009 1036 2041 14.)
1058 2007 1171 2037 Oehsh..
1194 2008 1290 2033 Boisd.

555 2065 760 2092 AHFORMIS
782 2065 907 2091 Hiibner.
934 2080 968 2083 —
991 2064 1245 2091 VESPIFORMIS
1268 2064 1298 2090 ‘r‘f
1319 2064 1415 2090 Linne.

895 2134 1081 2177 Diayvzosis.

300 2192 402 2224 Frons
429 2192 695 2235 caeruleo-nigra.
721 2191 826 2223 lituris
852 2191 977 2222 duabus
1009 2196 1082 2222 ante
1113 2190 1226 2221 oculos
1256 2189 1421 2227 tenuibus,
1453 2190 1619 2222 cretaceis.
1668 2192 1831 2222 Antennae

145 2248 443 2293 caeruleo-nigrae,
467 2250 540 2292 plus
566 2249 714 2281 minusve
739 2253 1023 2292 purpurascentes.
1071 2248 1203 2279 Alai-um
1229 2247 1405 2278 anticarum
1431 2247 1569 2280 latitudo
1595 2249 1634 2280 ad
1658 2247 1830 2291 longitudi-

147 2319 219 2338 nem
244 2312 296 2338 ut:
332 2307 392 2344 list.
439 2308 609 2339 Abdomen
653 2305 985 2348 caeruleo-nigrum,
1019 2305 1195 2348 segmentis
1229 2308 1256 2336 1.
1287 2310 1318 2336 et
1349 2306 1378 2337 2.
1411 2305 1491 2344 basi,
1525 2307 1594 2347 (3.)
1621 2307 1650 2337 4.
1675 2307 1704 2337 5.
1731 2305 1760 2337 6.
1786 2304 1830 2345 (in

147 2370 170 2396 εἰ·
195 2376 328 2408 quoque
355 2365 394 2405 7.)
419 2364 548 2407 postice
573 2365 676 2396 ssavis.
701 2363 857 2396 fasciculo
883 2362 1041 2394 terminali
1067 2362 1161 2401 ssavo,
1186 2374 1281 2405 parce
1306 2362 1398 2406 nigro
1424 2363 1533 2396 mixto.

1583 2422 1620 2446 895
