2087 2777
977 119 1000 153 9

140 223 242 266 partis
273 222 400 254 mediae
430 222 614 254 inferiorem
645 222 779 264 praebet
809 221 879 252 (taxi
912 221 976 252 oris
1009 221 1144 252 fnmlmn
1177 226 1274 262 atque.
1310 220 1383 251 ideo
1413 218 1581 261 analogiae
1614 219 1844 251 convenienter

144 282 255 323 linqua
280 280 345 323 (lig.
371 281 422 312 38.
451 281 494 319 (l.)
522 279 717 310 nominatur.
767 279 859 319 Quae.
889 278 998 321 lingua
1029 279 1114 321 apud
1146 277 1285 308 maiores
1318 282 1406 308 certe
1437 276 1594 308 sesiarum
1620 288 1732 309 erucas
1759 277 1842 308 duos

141 337 290 369 laterales
318 337 428 368 sulcos
454 335 706 379 longitudinales
733 336 818 367 clare
844 336 997 373 ostendit,
1023 335 1142 377 quibus
1169 347 1203 365 ea
1230 334 1260 364 in
1279 334 1435 365 maiorem
1454 334 1616 377 quandam
1634 340 1756 376 partem
1780 348 1844 366 me-

143 394 227 425 diam
253 400 284 425 ct
310 396 389 425 duas
416 393 623 436 angustiores
651 399 757 436 partes
785 393 933 424 laterales
961 392 1169 435 dispescitur.
1195 403 1276 433 quas
1301 391 1501 434 posteriores
1528 404 1585 434 pro
1611 392 1757 435 analogis
1782 404 1845 436 pa·-

143 453 366 494 raqlossarum
391 451 510 482 habere
537 450 622 482 licet.
660 452 814 482 Ueterum
839 450 947 493 lingua
975 448 1187 481 consistentia
1206 448 1377 479 manifeste
1404 449 1647 482 membranacea
1675 455 1721 481 cst
1749 455 1848 493 atquc

144 509 272 551 papillis
299 508 371 551 plus
398 508 548 539 minusve
574 507 763 550 conspicuis
790 508 908 545 obsita,
935 520 1019 550 quae
1044 506 1156 539 nescio
1182 518 1220 537 an
1248 505 1356 549 sapori
1382 505 1566 538 inserviant.

302 566 328 607 ξ.
354 567 384 596 5.
432 565 595 596 Externus
624 565 725 596 trunci
753 578 922 597 erucarum
948 564 1100 599 vestitu&
1126 569 1161 595 ut
1187 563 1323 595 antehae
1349 563 1410 595 iam
1438 564 1662 603 memininms,
1689 564 1757 596 sine
1783 565 1844 596 ulla

146 635 245 666 paene
271 622 464 665 exceptione
489 623 756 654 membranaceus
783 629 841 657 est,
870 623 926 653 sed
952 622 1032 653 haec
1058 622 1244 653 membrana
1271 620 1455 653 accuratius
1483 622 1659 664 perquisita
1679 623 1845 666 complura

143 680 238 712 nobis
264 679 403 723 insignia
430 680 532 712 offert.
582 680 826 711 Practermissis
853 680 1050 723 quibusdam
1076 679 1126 711 vel
1151 679 1239 710 nudo
1266 679 1362 710 oculo
1390 679 1571 721 perspicuis
1603 681 1691 723 rugis
1724 687 1754 712 et
1779 694 1846 714 vcr-

144 738 230 769 rucis
258 737 382 775 setatis,
409 749 489 780 quas
517 737 670 780 deinceps
697 737 891 780 descripturi
919 750 1043 774 sumus,
1071 738 1277 768 membranae
1303 736 1507 779 superficiem
1524 737 1753 781 plerarumque
1779 752 1846 770 eru-

145 807 255 827 carum
282 794 451 827 sesiarum.
476 794 599 826 maiore
616 795 882 838 augmentatione
906 795 1065 827 instituta.
1093 794 1283 825 tenuissime
1301 793 1502 837 granulatam
1522 795 1695 827 cernimus.
1733 797 1847 828 Solum

144 853 176 884 in
202 865 297 885 eruca
322 851 620 894 leucospidil'ormis
647 854 698 885 rel
724 852 1035 885 tenthrediniformis
1063 857 1165 883 totam
1192 851 1337 894 corporis
1361 851 1566 894 superficiem
1585 853 1699 884 setulis
1726 860 1757 885 et
1781 855 1848 885 bre-

148 911 290 942 vissimis
317 915 348 942 et
374 909 574 942 tenuissimis
602 911 702 943 dense
728 910 892 954 cognitam
918 909 1113 941 invenimus.
1150 909 1182 940 ln
1202 909 1353 941 omnibus
1373 921 1449 940 vcro
1476 909 1581 941 erucis
1608 910 1691 943 locis
1718 912 1849 955 quibus*

147 969 220 999 dam
247 967 383 1011 exiguae
408 967 606 999 elevationes
633 968 841 1011 planissimae
865 966 1080 1009 reperiuntur,
1106 979 1187 1009 quas
1214 979 1252 999 ex
1271 966 1418 1010 analogia
1444 979 1593 1000 verrucas
1611 969 1772 1011 appellare
1798 970 1849 1001 de—

148 1027 272 1057 bemus.
320 1025 476 1067 Quaeque
501 1037 610 1057 earum
636 1026 688 1058 hic
714 1026 767 1057 uni
794 1031 918 1057 tantum
945 1030 1033 1056 setae
1059 1024 1217 1069 originem
1244 1026 1314 1063 dat,
1347 1037 1430 1067 quae
1460 1024 1491 1056 in
1516 1026 1622 1057 media
1649 1039 1784 1058 verruca
1811 1040 1848 1059 ex

147 1095 264 1127 genere
288 1083 430 1125 quodam
457 1083 556 1126 partis
583 1084 702 1115 basalis
729 1083 888 1127 provenit.
938 1083 1029 1116 Setae
1053 1083 1144 1126 ipsae
1170 1083 1289 1126 ubique
1320 1082 1511 1115 manifestae
1538 1089 1630 1121 sunt,
1661 1085 1745 1127 apud
1779 1097 1850 1116 ean-

148 1142 219 1172 dem
245 1146 353 1172 tamen
384 1152 514 1172 erucam
546 1141 576 1172 in
609 1141 679 1174 aliis
710 1141 856 1173 verrucis
887 1140 1054 1184 longiores
1087 1153 1184 1184 qnam
1217 1141 1247 1172 in
1279 1140 1350 1171 aliis
1382 1146 1413 1171 et
1438 1141 1524 1183 apud
1550 1141 1695 1185 singulas
1722 1142 1849 1185 speeies

146 1198 348 1241 longitudine
372 1198 558 1241 frequenter
584 1199 837 1231 diversissimae.
873 1198 1103 1242 Longissimas
1130 1198 1160 1229 in
1187 1198 1423 1230 scoliaeformis
1443 1211 1537 1230 eruca
1565 1199 1850 1242 deprehendimus.

304 1255 430 1287 Positio
457 1269 662 1288 verrucarum
688 1257 719 1288 in
748 1257 884 1301 singulis
911 1256 1090 1300 segmentis
1116 1257 1210 1288 valde
1236 1256 1364 1288 delinita
1391 1261 1421 1287 et
1447 1256 1712 1289 characteristica
1739 1264 1789 1290 est
1813 1271 1850 1289 ac

149 1314 329 1346 secundum
355 1313 549 1357 principales
575 1315 676 1346 totius
701 1315 807 1346 trunci
833 1314 1012 1346 divisiones
1039 1326 1193 1346 verrucae
1219 1314 1376 1353 dorsales,
1401 1314 1551 1346 laterales
1570 1320 1602 1346 et
1618 1316 1780 1348 ventrales
1807 1316 1850 1347 di-

152 1371 369 1415 stinguuntur.
417 1373 569 1404 Attamen
601 1372 788 1404 discrimina
821 1384 932 1404 earum
964 1372 1075 1415 potius
1109 1372 1258 1416 generica
1289 1384 1363 1404 esse
1389 1371 1538 1404 videntur
1563 1385 1662 1416 quam
1687 1374 1850 1417 specifica,

149 1431 267 1461 etenim
296 1429 327 1460 in
360 1429 510 1461 omnibus
544 1430 704 1462 sesiarum
735 1430 840 1463 erucis
874 1429 1050 1462 essentiam
1083 1442 1291 1462 verrucarum
1321 1441 1479 1472 perquam
1511 1438 1766 1463 consentaneam
1799 1444 1850 1464 eo-

149 1487 256 1531 gnovi.
303 1487 372 1530 Fig.
398 1487 449 1519 44.
475 1488 506 1519 in
531 1488 632 1520 latere
658 1488 777 1519 dorsali
803 1500 919 1520 erucae
944 1487 1049 1519 sosiae
1075 1488 1113 1519 ad
1141 1487 1318 1519 schematis
1344 1488 1478 1519 modum
1497 1488 1689 1520 adumbrato
1716 1489 1849 1532 positio-

147 1557 223 1576 nem
249 1550 389 1576 setarum
414 1544 445 1575 in
471 1546 615 1577 verrucis
642 1546 827 1577 dorsalibus
852 1558 909 1589 per
932 1550 1052 1588 puncta
1079 1545 1283 1589 designatam
1315 1546 1426 1583 refert,
1457 1558 1597 1589 quorum
1629 1546 1756 1578 diversa
1786 1559 1849 1577 ma-

150 1602 284 1646 gnitudo
311 1602 406 1634 simul
432 1603 633 1647 singularum
659 1609 801 1636 setarum
826 1603 1064 1647 longitudinem
1090 1603 1251 1635 diversam
1277 1603 1407 1635 indicat.
1443 1603 1567 1635 Eadem
1592 1604 1622 1635 in
1645 1604 1746 1647 figura
1764 1609 1849 1634 utro-

147 1660 246 1703 bique
272 1672 440 1702 supremas
467 1666 555 1692 setas
583 1674 791 1694 verrucarum
818 1661 998 1693 dorsalium
1017 1661 1238 1704 prominentes
1259 1667 1457 1704 spectamus,
1485 1674 1623 1704 quarum
1642 1673 1849 1693 verrucarum

150 1718 240 1755 ordo⁷
267 1723 355 1749 certe
381 1719 468 1760 quod
494 1719 532 1749 ad
558 1719 684 1751 medios
712 1719 850 1762 pertinet
875 1718 1024 1757 annulos,
1049 1719 1075 1750 is
1103 1724 1163 1756 est,
1190 1724 1223 1750 ut
1242 1719 1312 1762 ipso
1332 1731 1430 1762 super
1448 1719 1601 1761 stigmate
1626 1730 1758 1762 quoque
1776 1731 1848 1757 una,

149 1775 222 1818 ipso
248 1775 308 1806 sub
335 1774 487 1818 stigmate
512 1788 644 1820 quoque
670 1777 752 1808 duae
777 1777 957 1808 collocatae
983 1776 1057 1815 sint,
1083 1788 1166 1819 quae
1192 1776 1407 1819 posteriores.
1438 1782 1554 1819 utpote
1585 1776 1645 1808 sibi
1671 1776 1848 1807 admodum

150 1832 460 1875 appropinquantes,
486 1846 548 1865 una
574 1846 708 1866 verruca
726 1834 865 1866 bisetata
884 1833 1065 1867 existimari
1082 1839 1213 1877 queant.
1250 1834 1372 1875 Quarta
1391 1834 1556 1877 quaedam
1573 1845 1719 1871 verruca,
1744 1834 1849 1865 multo

149 1890 254 1934 magis
280 1890 433 1922 deorsum
460 1897 491 1923 et
514 1892 545 1923 in
572 1897 695 1935 partem
721 1892 884 1935 posticam
908 1897 1014 1930 mota,
1040 1891 1104 1923 iam
1128 1891 1212 1923 inter
1236 1904 1388 1924 verrucas
1419 1891 1580 1923 ventrales
1606 1891 1769 1923 numerari
1795 1904 1849 1934 po-

150 1952 225 1986 test,
252 1960 389 1991 quarum
416 1949 513 1980 situm
538 1950 569 1981 in
595 1950 732 1993 pedibus
759 1949 1018 1992 contemplandis
1045 1948 1255 1993 attingemus.
1304 1950 1369 1981 Sed
1401 1949 1448 1981 uti
1478 1949 1510 1980 in
1540 1948 1684 1981 verrucis
1716 1948 1849 1981 dorsali—

150 2005 212 2036 bus
237 2005 427 2048 reperimus,
453 2006 496 2038 ita
523 2013 702 2040 ceterarum
729 2019 860 2052 quoque
884 2007 1082 2050 positionem
1108 2007 1139 2038 in
1164 2007 1277 2049 primis
1303 2007 1493 2050 ultimisque
1519 2006 1696 2049 segmentis
1722 2007 1760 2038 ab
1786 2006 1847 2038 ista

153 2063 182 2093 in
210 2063 325 2095 mediis
351 2065 562 2097 vehementer
587 2065 713 2098 differre
739 2065 1036 2097 animadvertimus.
1052 2067 1076 2106 *)

313 2122 407 2155 Color
431 2123 536 2154 trunci
563 2135 747 2161 erucarum,
778 2123 809 2154 in
842 2122 1028 2154 universum
1053 2123 1107 2154 ille
1132 2122 1262 2166 quidem
1289 2122 1416 2154 albidus
1442 2122 1492 2153 vel
1518 2127 1703 2161 cretaceus,
1734 2122 1772 2153 ad
1805 2121 1848 2152 ‹li-

155 2178 362 2211 stinctionem
388 2179 556 2212 minimum
580 2181 676 2219 valet,
702 2181 776 2224 quia
802 2181 833 2211 in
859 2181 970 2212 eadem
996 2193 1091 2213 eruca
1118 2180 1255 2212 diversis
1281 2179 1354 2211 anni
1381 2178 1581 2222 temporibus
1608 2180 1721 2211 crebro
1747 2178 1847 2210 diver-

156 2247 211 2267 sus
238 2242 377 2278 apparet.
425 2239 522 2279 Quod
546 2244 654 2270 tamen
679 2250 744 2270 non
769 2251 784 2269 a
818 2237 1042 2270 diversicolori
1073 2237 1231 2281 pigmenti
1262 2243 1381 2276 strato,
1412 2236 1533 2280 quippe
1563 2237 1651 2280 quod
1682 2248 1848 2279 nunquam

312 2367 335 2401 *)
357 2366 528 2395 Positionem
555 2378 732 2396 verrucarum
762 2369 834 2403 apud
863 2376 973 2398 omnes,
1002 2377 1070 2402 quas
1098 2368 1207 2399 dicunt,
1234 2368 1323 2394 nudas
1352 2376 1448 2394 erucas
1476 2377 1600 2403 magnam
1628 2375 1696 2401 prae
1723 2375 1752 2392 se
1774 2367 1849 2392 ferre

156 2417 311 2450 analogiam
334 2417 458 2442 notabile
480 2418 598 2443 videtur.

1618 2468 1632 2493 ⁴2
