2087 2777
1047 90 1099 125 38

196 229 198 232 ,
229 197 376 228 inferiore
401 197 574 227 collocato.
615 197 763 226 Attamen
789 194 874 236 apud
901 205 1021 224 marem
1048 197 1181 235 propter
1199 192 1305 235 ipsam
1329 191 1545 224 mobilitatem
1564 191 1741 234 superioris
1761 191 1922 235 segmenti

228 254 333 286 octavi
360 254 543 297 superiores
571 264 725 296 squamae
751 251 887 283 crinales
914 250 1042 282 diverse
1067 248 1197 292 positae
1222 262 1295 282 esse
1320 255 1471 293 possunt,
1503 260 1610 291 neque
1635 260 1706 279 raro
1732 249 1851 282 flabelli
1878 250 1922 281 in-

229 318 295 343 star
320 324 483 355 expansae
508 316 691 342 cernuntur.
733 309 827 352 Apud
854 308 968 346 sesias,
992 306 1047 339 ubi
1073 307 1154 338 haec
1180 312 1349 349 segmenta
1367 307 1526 339 latissima
1553 311 1638 344 sunt,
1664 306 1772 337 nullus
1790 319 1926 351 quoque

227 369 403 401 fasciculus
429 368 577 412 proprius
604 373 721 402 exstat,
748 367 804 398 3611
832 379 942 398 63111111
966 366 1064 408 longe
1088 376 1147 407 pro
1173 364 1325 407 portione
1349 366 1494 397 minores
1521 376 1680 408 squamae
1706 363 1854 403 crinales,
1872 364 1925 397 vel

227 427 330 458 crines
357 431 521 470 segmenta
548 425 609 456 ista
636 424 833 457 circulariter
858 424 1080 456 circumstant.
1112 422 1282 454 Praeterea
1300 423 1362 455 hae
1380 422 1486 455 sesiae
1504 422 1710 454 diversitates
1736 422 1924 465 complures

228 484 325 516 etiam
351 484 427 515 alias
454 483 641 521 ostendunt,
679 483 718 514 dc
754 482 872 525 quibus
904 486 1029 512 tantum
1060 479 1255 518 monuerim,
1287 481 1372 523 apud
1398 479 1646 523 hylaeiformem
1672 491 1826 523 squamas
1853 492 1925 524 seg-

227 548 409 574 mentorum
434 541 540 584 primi,
566 540 700 572 secundi
725 552 762 571 ac
787 538 959 582 praecipue
983 537 1066 569 tertii
1092 537 1123 568 iu
1149 537 1249 568 latere
1274 538 1395 569 dorsali
1421 543 1602 569 retrorsum
1628 543 1752 569 erectas
1779 549 1863 569 esse.

387 599 480 632 Color
505 597 686 629 abdominis
712 597 853 628 maxime
878 596 986 627 varius
1013 600 1111 638 atque
1136 591 1274 637 insignis
1300 606 1375 627 esse
1399 601 1520 639 potest.
1569 595 1771 638 Saepissime
1796 594 1924 638 singula

228 661 394 699 segmenta
421 668 494 687 611111
525 655 724 699 marginibus
756 653 994 697 posterioribus
1026 653 1118 684 aliter
1155 652 1322 691 coloratis,
1355 665 1438 696 quae
1471 653 1630 685 coloratio
1660 653 1784 695 passim
1815 653 1924 685 solum

228 715 265 744 ad
294 726 447 757 squamas
473 713 653 756 marginum
679 711 876 743 maiusculas
907 710 1056 754 pertinet.
1104 711 1145 741 At
1176 710 1273 741 etiam
1305 710 1467 754 segmenti
1497 716 1606 754 partes
1639 710 1836 749 anteriores,
1869 716 1925 742 aut

227 777 333 802 totum
359 777 563 813 segmentum
595 771 720 802 diverse
751 769 894 801 colorata
925 768 1144 806 inveniuntur,
1176 780 1259 811 quae
1291 768 1398 799 omnia
1432 779 1668 812 saepenumero
1700 779 1797 811 supra
1831 768 1925 800 aliter

225 828 345 861 habent
371 841 467 871 quam
492 829 582 860 infra.
632 828 729 858 l'orro
760 827 869 870 plures
900 826 1000 859 vittae
1031 826 1210 858 obveniunt
1242 831 1273 857 61
1304 826 1335 858 111
1361 826 1461 858 dorso
1487 825 1574 858 etin
1600 824 1767 858 13161111113.
1815 826 1924 858 Fasci—

227 887 320 919 culus
346 898 477 929 quoque
509 885 684 917 terminalis
718 897 858 923 sursum,
891 884 923 916 111
954 884 1063 916 11161110
1094 897 1130 915 36
1162 883 1330 923 lateribus,
1367 890 1421 916 aut
1459 884 1670 916 solummodo
1700 883 1732 914 111
1763 883 1923 916 lateribus

229 944 346 988 strigas
372 944 499 981 11311616,
526 943 610 975 sicut
636 942 703 975 eius
728 943 824 974 lobus
850 942 982 974 inferior
1006 942 1119 974 itidem
1145 941 1360 974 diversicolor
1386 954 1459 974 esse
1483 947 1604 985 potest.

381 1003 408 1044 ξ.
433 1001 482 1035 24.
531 1001 738 1043 Simulatque
768 999 877 1044 imago
909 1000 1036 1043 magnis
1067 1012 1143 1032 cum
1174 999 1444 1032 contentionibus
1475 999 1685 1031 involucrum
1715 1011 1823 1042 pupae
1848 999 1919 1031 reli-

225 1059 304 1102 quit,
331 1059 507 1090 admodum
532 1058 639 1091 vivida
664 1071 760 1101 quam
785 1058 926 1101 primum
950 1058 1061 1090 locum
1086 1057 1242 1090 idoneum
1267 1057 1408 1101 reperire
1433 1058 1554 1096 studet,
1581 1063 1616 1089 ut
1642 1058 1711 1089 alae
1736 1057 1925 1089 etiamnunc

225 1117 341 1148 minori
365 1128 438 1149 sese
462 1116 604 1160 perfecte
628 1116 822 1148 extendendi
852 1116 980 1159 copiam
1012 1116 1118 1148 faciat.
1167 1116 1233 1147 Sex
1259 1115 1311 1148 vel
1343 1121 1469 1158 septem
1501 1115 1636 1147 minutis
1662 1116 1761 1159 (apud
1788 1115 1923 1157 culicis.)

225 1175 293 1206 alae
317 1174 411 1218 plane
436 1174 587 1206 evolutae
612 1180 687 1206 311111
712 1181 741 1207 61
764 1180 907 1218 quatuor
929 1175 981 1207 vel
1007 1174 1152 1218 quinque
1183 1173 1317 1206 minutis
1349 1179 1426 1216 post
1456 1174 1494 1205 ab
1520 1172 1663 1217 imagine
1686 1172 1717 1205 in
1742 1173 1925 1217 vulgarem,

225 1232 405 1275 tegularum
430 1231 532 1263 instar
557 1233 720 1264 abdomini
750 1233 909 1265 acclinem
941 1232 1040 1264 situm
1070 1232 1272 1276 rediguntur.
1321 1232 1395 1272 Quo
1427 1231 1515 1263 facto
1547 1230 1781 1263 animalcnlum
1806 1230 1924 1274 viginti

224 1289 275 1321 vel
300 1289 430 1333 triginta
455 1302 512 1332 per
536 1289 677 1321 minutas
703 1290 908 1333 quietissima
936 1290 1038 1328 sedet,
1064 1296 1100 1322 nt
1117 1302 1231 1322 omnes
1249 1295 1359 1334 partes
1378 1289 1458 1321 satis
1476 1290 1732 1321 corroborentur
1756 1295 1788 1321 et
1806 1288 1924 1321 deinde

225 1348 355 1380 demum
380 1347 539 1379 citissime
563 1347 678 1381 avolat.
724 1347 799 1380 Diei
823 1354 972 1391 tempus,
1003 1360 1070 1391 quo
1101 1348 1186 1380 sesia
1220 1360 1260 1380 ex
1284 1359 1370 1391 pupa
1396 1347 1561 1391 procedit,
1585 1348 1827 1391 propemodum
1853 1346 1925 1379 sine

225 1405 418 1449 exceptione
443 1405 731 1437 antemeridianum
756 1411 807 1437 est
832 1417 996 1449 saepeque
1020 1406 1115 1438 valde
1140 1405 1338 1438 matutinum
1363 1410 1441 1448 post
1466 1405 1546 1437 solis
1573 1411 1691 1437 ortum.
1732 1405 1792 1436 Sol
1818 1403 1923 1436 363133

226 1476 264 1495 ex
290 1463 455 1495 domicilio
482 1475 542 1495 suo
568 1469 707 1507 angusto
733 1463 849 1496 elicere
873 1464 1012 1502 videtur,
1039 1476 1137 1508 quem
1163 1463 1259 1496 etiam
1278 1468 1385 1495 aetate
1401 1463 1585 1506 posteriore
1601 1463 1741 1495 multum
1759 1463 1924 1500 adamant,

226 1534 325 1565 qnare
353 1520 415 1552 nisi
446 1521 561 1553 diebus
593 1521 708 1564 apricis
740 1533 805 1553 non
834 1521 1040 1554 inveniantur
1070 1521 1391 1560 circumvolitantes,
1424 1533 1526 1565 quum
1555 1521 1677 1553 nubilis
1710 1520 1843 1559 diebus,
1874 1518 1924 1551 uti

224 1584 325 1610 noctu
350 1578 533 1622 quiescunt.
581 1579 646 1610 Sed
672 1579 785 1617 sesias,
812 1585 846 1611 ut
869 1579 1166 1623 Laspeyresius
1192 1585 1308 1612 auctor
1333 1585 1394 1617 631,
1418 1579 1509 1611 horis
1535 1578 1704 1611 matutinis
1729 1590 1767 1609 ac
1792 1588 1924 1620 vesper-

224 1636 300 1668 tinis
327 1636 453 1679 quietas
479 1648 513 1667 se
538 1641 645 1668 tenere
670 1642 701 1669 et
725 1636 814 1668 horis
839 1642 966 1669 tantum
997 1638 1184 1670 meridianis
1214 1650 1299 1670 nona
1331 1649 1437 1680 usque
1469 1637 1510 1668 ad
1534 1636 1663 1668 tertiam
1694 1636 1832 1668 volitare
1855 1647 1923 1667 non

226 1694 318 1737 plane
342 1706 454 1725 verum
479 1694 636 1732 videatur,
661 1694 822 1738 siquidem
846 1707 959 1727 mense
982 1695 1064 1727 Iulio
1091 1696 1152 1728 sub
1180 1695 1260 1728 solis
1287 1708 1443 1727 (1663311111
1469 1694 1615 1738 singulas
1635 1694 1737 1726 sesias
1764 1692 1922 1736 (cynipif.)

228 1751 373 1783 volantes
397 1751 473 1789 vidi,
500 1763 576 1783 33116
600 1752 685 1783 1111116
711 1753 750 1783 ad
774 1753 882 1791 finem,
908 1758 944 1784 ut
969 1753 1150 1793 videbatur,
1179 1759 1211 1786 111
1236 1753 1346 1785 10611111
1373 1752 1475 1796 quieti
1500 1758 1614 1796 aptum
1639 1752 1841 1796 indagarent.

382 1809 416 1840 In
446 1808 634 1840 universnm
665 1815 774 1841 autem
805 1810 1106 1843 circumvolitantes
1139 1811 1243 1844 sesiae
1275 1811 1416 1843 maxime
1452 1822 1567 1843 sexum
1600 1810 1738 1842 alterum
1768 1808 1920 1852 reperire,

229 1871 284 1897 aut
307 1866 413 1898 varios
438 1866 535 1898 ssores
560 1866 752 1911 plantasque
777 1868 919 1901 delibare
944 1870 1106 1902 studeant.
1119 1871 1144 1910 ⁹)
1193 1869 1285 1911 Quae
1316 1869 1471 1901 delibatio
1500 1880 1566 1900 non
1596 1873 1664 1899 tam
1690 1866 1922 1900 sustentationi

229 1923 381 1956 inservire
405 1936 502 1967 quam
528 1925 707 1968 appetitum
732 1926 870 1957 coeundi
896 1926 1062 1959 stimulare
1089 1927 1138 1959 vel
1163 1927 1304 1959 excitare
1327 1926 1423 1958 nobis
1440 1926 1577 1960 videtur.
1621 1924 1920 1969 Laspeyresius

230 1980 324 2013 sesiis
348 1981 488 2013 vindicat
513 1982 637 2013 coitum
662 1982 812 2014 diurnum
838 1995 912 2016 cum
930 1985 1128 2017 cohaesione
1153 1984 1207 2016 diu
1225 1985 1371 2023 durante,
1398 1985 1453 2016 sed
1472 1996 1550 2016 num
1566 1983 1648 2015 haec
1665 1989 1790 2015 tantum
1809 1982 1921 2014 diurna

231 2039 283 2077 sit,
307 2051 345 2070 an
372 2038 439 2070 dies
464 2045 645 2083 noctesque
670 2041 808 2084 expleat,
832 2041 863 2073 id
888 2043 1033 2074 nondum
1060 2043 1271 2075 observatum
1296 2048 1354 2076 est.
1389 2042 1460 2074 Nec
1478 2041 1581 2085 magis
1600 2046 1740 2079 constat,
1766 2040 1923 2085 quamdiu

231 2096 315 2128 sesia
340 2096 437 2134 vivat,
463 2097 549 2139 quod
574 2102 681 2130 tamen
706 2110 745 2130 ex
770 2098 907 2132 diversis
934 2100 1175 2133 conditionibus
1201 2099 1462 2132 diversissimum
1487 2111 1562 2132 esse
1584 2098 1701 2142 possit.
1736 2099 1842 2130 Mares
1868 2098 1921 2130 ad-

231 2155 365 2187 modum
390 2154 555 2197 probabile
579 2161 629 2187 est
652 2156 762 2198 paullo
787 2162 864 2199 post
888 2157 1011 2190 coitum
1035 2158 1148 2202 perire,
1173 2157 1310 2190 feminas
1336 2157 1446 2201 paullo
1470 2162 1547 2200 post
1571 2169 1633 2188 ova
1657 2162 1759 2200 parta.

389 2292 413 2326 *)
437 2291 530 2317 Sesias
552 2302 611 2318 eum
633 2294 777 2322 abdomine
799 2297 903 2331 ubique
917 2299 1024 2332 pariter
1038 2307 1133 2324 crasso
1149 2298 1226 2332 (apif.
1248 2297 1392 2332 laphriaef.
1409 2300 1438 2323 et
1457 2296 1581 2331 hylaeif.)
1609 2306 1750 2331 nunquam
1780 2296 1921 2327 volantes,

234 2342 333 2367 nedum
355 2341 523 2366 nutrimenta
543 2341 684 2375 capientes
710 2344 834 2370 inventas
862 2355 922 2372 esse
948 2347 1001 2372 iam
1028 2347 1231 2382 Laspeyresius
1259 2346 1428 2373 observavit.
1471 2344 1551 2377 Quae
1579 2347 1686 2380 speeies
1708 2345 1791 2372 etiam
1812 2344 1923 2371 brevis-

235 2391 328 2415 simam
348 2398 399 2424 pro
420 2390 550 2424 portione
572 2390 693 2425 linguam
714 2393 883 2419 maxillarem
904 2395 1015 2421 habent.
