2087 2777
969 127 1016 161 15

139 228 235 261 vicali
259 228 424 260 adiutante
449 228 532 260 effici
556 228 623 260 veri
649 233 698 259 est
723 227 934 259 simillimum.
986 230 1080 260 Certe
1107 241 1234 271 semper
1259 230 1563 268 animadvertimus,
1598 231 1755 263 sesiarum
1780 232 1839 263 lar·

139 299 196 319 vas
230 292 413 329 aperturam
446 292 630 318 extrorsum
661 285 840 328 egestionis
873 298 971 317 causa
1004 286 1121 318 factam
1152 286 1271 329 pariter
1301 300 1337 318 ac
1368 287 1473 319 larvas
1506 288 1709 320 cossidarum
1741 302 1839 333 quam

139 343 278 387 primum
304 355 415 375 rursus
442 342 630 380 occludere,
663 354 763 385 quum
788 343 868 374 nihii
893 343 996 386 magis
1023 356 1121 386 quam
1147 344 1306 375 directum
1337 345 1419 376 aeris
1445 357 1615 377 accessum
1640 347 1678 377 ad
1707 347 1840 379 domici-

138 402 179 433 lia
210 414 270 433 sua
302 412 396 444 aegre
427 400 492 431 fere
524 399 704 431 videantur.
751 400 867 431 Itidem
897 405 932 431 ut
962 400 1070 432 larvae
1102 400 1309 432 cossidarum
1341 403 1400 432 snb
1432 402 1571 434 hiemem
1605 416 1738 447 qnoque
1764 411 1837 437 neta

139 459 200 491 sibi
243 463 371 501 parant,
413 457 445 488 in
487 456 607 500 quibus
651 457 734 489 hanc
777 457 848 488 anni
891 463 1123 501 tempestatem
1160 458 1306 501 quietae,
1344 471 1403 490 nec
1440 460 1634 493 nutrimenta
1671 462 1835 505 capientes

138 516 332 559 transigunt.

296 574 324 615 ξ.
352 574 399 606 10.
451 573 625 610 Damnum,
652 573 740 615 quod
765 572 873 603 larvae
899 572 1057 604 sesiarum
1082 572 1219 616 plantis,
1252 586 1333 616 quas
1359 574 1523 613 incolunt,
1549 582 1736 618 apportant,
1770 578 1834 621 plc-

136 643 274 674 rumque
299 631 384 673 apud
410 630 581 673 plerasque
607 629 734 672 species
760 629 874 673 utique
900 630 1055 674 exiguun‘i
1080 631 1218 663 videtur.
1258 631 1416 674 Exempla
1443 632 1538 671 enim,
1565 634 1619 664 nbi
1646 640 1753 667 tantus
1780 648 1835 667 nu-

136 701 244 721 merus
270 688 419 731 proxime
444 687 619 726 cohabitet,
646 693 679 719 ut
703 688 777 719 inde
802 688 977 719 morbosae
1002 688 1266 727 exerescientiae,
1293 694 1347 720 ant
1372 689 1516 732 partialis
1536 691 1742 723 mortificatio
1769 706 1836 725 cor-

136 746 209 778 ticis
236 745 406 778 exterioris
432 750 645 788 provocetur,
676 745 842 776 rarissima
873 745 1018 777 existunt
1048 751 1080 777 et
1110 746 1285 789 plurin‘ium
1316 747 1413 778 etiam
1440 748 1593 791 sequelae
1618 749 1727 791 potins
1754 751 1834 783 alius

135 803 291 836 laesionis
317 802 503 835 necessario
529 802 591 833 iam
617 808 830 846 antegressae
856 803 979 835 censeri
1007 804 1134 837 debent.

295 861 408 893 Solam
433 860 553 892 sesiam
579 860 789 892 asiliformenr
814 860 885 903 ipse
910 867 1063 903 expertus
1090 874 1162 893 sum
1187 861 1291 893 maius
1311 863 1463 894 damnum
1482 863 1696 903 contraxisse,
1722 870 1837 908 utpote

135 932 220 963 quae
245 919 401 956 effecerit,
432 924 467 949 ut
496 923 643 950 recentes
675 919 807 950 arbores
838 918 908 951 viae
939 924 1012 950 ante
1044 924 1171 961 portam
1198 919 1449 952 Cottbusianam
1479 933 1592 952 recens
1618 922 1771 954 arbustae
1797 935 1832 955 ex

135 982 226 1020 parte
251 981 487 1008 exarescerent.
523 975 595 1007 Hoc
613 981 721 1007 autem
748 988 786 1007 eo
812 976 906 1008 facile
931 976 1132 1019 explanatur,
1157 978 1246 1020 quod
1270 983 1418 1010 recentes
1437 978 1569 1010 arbores
1596 979 1709 1022 populi
1727 980 1836 1022 nigrae

135 1036 279 1067 nondum
305 1033 384 1066 satis
409 1033 535 1064 radices
562 1039 693 1077 egerant
719 1039 816 1077 atque
840 1034 973 1077 insuper
998 1039 1132 1066 truncus
1163 1046 1273 1067 earnm
1297 1035 1511 1067 tenuissimus
1537 1036 1674 1080 flagellis
1700 1038 1837 1070 laterali-

136 1094 196 1124 bus
222 1091 341 1124 decisis
367 1091 523 1134 optimam
549 1103 661 1122 ansam
687 1091 870 1123 introeundi
895 1091 991 1123 larvis
1018 1092 1161 1124 dederat.
1210 1093 1318 1133 Quum
1349 1093 1449 1137 igitur
1474 1094 1605 1137 saepius
1631 1095 1754 1127 multae
1779 1096 1836 1127 lar-

134 1162 193 1182 vae
217 1149 357 1181 maiores
383 1149 415 1180 in
440 1161 501 1180 una
529 1149 644 1180 arbore
667 1149 789 1181 recenti
816 1150 980 1193 degerent,
1005 1149 1081 1182 huic
1106 1162 1171 1182 non
1197 1156 1347 1193 poterant
1371 1163 1436 1184 non
1461 1152 1604 1185 letiferae
1628 1153 1713 1191 fieri,
1746 1155 1835 1197 quod

134 1208 243 1251 ipsum
269 1206 467 1250 experientia
494 1206 616 1238 docuit.

291 1265 422 1297 Damno
448 1270 566 1303 autem,
592 1264 682 1307 quod
708 1264 812 1296 sesiae
836 1265 966 1307 plantis,
992 1265 1023 1297 in
1049 1266 1168 1309 quibus
1194 1266 1356 1305 resident,
1388 1266 1500 1299 afferre
1526 1267 1641 1307 solent,
1667 1269 1773 1301 maius
1799 1269 1832 1301 il·

133 1323 190 1355 lud
215 1328 275 1359 est,
301 1335 366 1366 quo
392 1322 482 1365 ipsae
507 1322 545 1353 ab
572 1322 642 1354 aliis
668 1322 870 1354 animalculis
896 1334 935 1354 ex
960 1323 1156 1366 quibusdam
1181 1324 1310 1356 familiis
1341 1325 1669 1368 hymenopterorum,
1702 1327 1741 1358 ab
1767 1327 1832 1359 ich-

134 1380 341 1413 neumonidis
367 1386 398 1412 et
423 1379 609 1412 braconidis
635 1380 828 1412 afficiuntur.
876 1380 945 1413 Hos
977 1381 1123 1413 omnium
1154 1382 1316 1414 larvarum
1347 1382 1450 1416 hostes
1475 1383 1650 1415 acerrimos
1676 1397 1832 1428 perquam

134 1438 278 1470 notabile
303 1444 354 1471 est
378 1438 475 1470 etiam
500 1437 692 1469 animalcula
718 1438 812 1469 valde
836 1438 1004 1470 recondita
1029 1440 1162 1483 aggredi
1188 1440 1321 1478 callere,
1347 1440 1405 1472 sed
1431 1453 1514 1484 quae
1540 1453 1672 1484 quoque
1697 1441 1727 1473 in
1753 1454 1832 1474 casu

133 1496 259 1528 ratione
284 1496 316 1528 id
341 1501 578 1539 exsequantur,
603 1495 780 1527 nullisdum
806 1496 1091 1529 observationibus
1122 1498 1246 1530 exactis
1278 1497 1478 1541 patefactum
1510 1504 1570 1531 est.
1616 1498 1711 1531 Licet
1734 1500 1831 1532 nobis

136 1553 306 1597 suspicari,
330 1554 427 1586 larvis
454 1554 485 1585 in
509 1553 598 1597 ligno
624 1554 769 1585 nondum
794 1554 922 1598 longius
948 1555 1131 1599 progressis
1156 1567 1212 1598 per
1237 1556 1447 1599 longissimas
1465 1557 1611 1589 terebras
1637 1558 1676 1589 ab
1701 1558 1831 1590 ichneu>

135 1612 275 1643 monidis
301 1624 362 1644 ova
386 1611 551 1650 insinuari,
576 1612 639 1650 vel,
665 1613 753 1655 quod
779 1618 866 1644 certe
890 1613 976 1655 apud
1001 1613 1205 1652 braeonidas,
1231 1625 1331 1657 quum
1356 1614 1508 1646 brevibus
1535 1620 1667 1647 utantur
1684 1616 1830 1655 terebris,

134 1670 244 1701 locum
269 1670 398 1708 habeat,
421 1670 528 1701 larvas
554 1669 585 1701 iu
610 1670 771 1703 meatibus
798 1670 866 1701 suis
892 1670 1024 1702 internis
1051 1671 1199 1714 opprimi.
1236 1672 1334 1712 Quod
1360 1671 1444 1704 enim
1468 1673 1550 1705 tales
1576 1673 1708 1716 parasiti
1733 1685 1830 1716 saepe

136 1728 342 1771 speculantes
368 1733 441 1760 ante
467 1727 629 1759 domicilia
655 1728 815 1759 larvarum
840 1727 1061 1767 inveniuntur,
1092 1728 1157 1761 imo
1183 1729 1281 1761 etiam
1306 1729 1338 1761 in
1363 1729 1444 1762 alios
1470 1730 1671 1762 insectorum
1698 1730 1827 1763 ordines

135 1785 290 1829 irrepunt,
316 1797 354 1817 eo
380 1785 452 1817 illae
478 1785 685 1817 coniecturae
710 1785 946 1828 probabiliores
973 1786 1126 1818 evadunt.
1140 1789 1165 1827 *)

294 1939 316 1972 ²³)
340 1938 477 1972 Apiforzni
499 1942 608 1963 exemta
628 1938 656 1963 in
679 1938 806 1964 omnibus
829 1938 901 1963 notis
923 1942 1081 1965 nostrarum
1103 1939 1238 1965 sesiarum
1268 1940 1387 1965 statibus
1413 1940 1555 1975 prioribus
1582 1940 1720 1975 parasitos
1748 1940 1827 1966 huius

135 1987 244 2022 generis
271 1988 376 2021 reperi,
405 1996 489 2021 quos,
517 1987 564 2012 ubi
591 1987 696 2012 insecta
722 1987 848 2020 perfecta
875 1990 971 2012 nactus
999 1996 1073 2017 sum,
1101 1988 1129 2013 in
1158 1988 1276 2023 siugulis
1299 1988 1534 2023 descriptionibus
1557 1988 1678 2015 afferam.
1722 1988 1827 2015 Omnes

134 2036 200 2061 mihi
222 2035 268 2062 Cl.
291 2035 416 2066 Ruthe7
439 2035 535 2061 harum
557 2043 649 2061 rerum
670 2035 869 2069 peritissimus,
896 2035 1034 2061 benevole
1062 2036 1207 2065 indicavit.
1237 2037 1284 2072 qui
1306 2037 1442 2063 nonnulla
1464 2037 1576 2063 illorum
1599 2037 1828 2063 animalculorum

135 2084 225 2110 adhue
243 2085 384 2120 incognita
405 2084 521 2119 posthac
543 2084 698 2110 accuratius
721 2084 920 2118 explanaturus
943 2088 993 2109 est.
