2087 2777
961 132 1008 166 31

131 234 288 278 qualitate
314 238 365 265 est
390 234 649 270 nieinbl'anacca‚
682 233 836 264 deorsum
862 233 1116 276 complanatuuu
1147 239 1331 266 antrorsuni
1357 235 1589 269 acuminatum,
1617 235 1671 267 ubi
1696 235 1727 267 in
1753 236 1835 267 duos

131 291 270 335 exiguos
314 303 491 335 processus
525 295 649 321 setatos
686 290 804 325 finitur.
864 292 1006 323 Sursum
1036 291 1175 323 mobiles
1207 291 1356 323 inversos
1390 293 1472 324 duos
1504 298 1612 337 gestat
1646 294 1837 337 unquiculos

131 349 198 392 (fig.
225 350 277 383 29.
305 353 353 391 c.),
379 360 518 392 quorum
543 348 681 380 formam
705 348 759 393 fig.
777 350 828 382 30.
852 361 886 382 oe.
912 354 1027 380 exacte
1051 348 1157 379 refert.
1206 347 1306 379 Iidem
1332 350 1488 382 adversus
1516 363 1551 382 se
1575 351 1714 382 invicem
1742 357 1772 383 et
1798 352 1837 382 ab

132 406 238 439 antica
266 412 356 450 parte
380 406 411 437 in
437 405 600 449 posticam
626 417 661 437 se
686 418 819 438 {novere
843 406 962 438 valent.
1016 406 1102 437 Inter
1127 417 1201 444 eos,
1235 417 1252 436 a
1278 405 1481 450 rhizonychii
1510 409 1571 441 fine
1596 408 1705 440 antico
1731 421 1837 441 assur-

132 478 224 509 genS,
249 465 396 510 plantula
420 463 571 505 (arolium
589 462 814 504 Nitzschii)
841 463 983 495 cernitur
1008 463 1047 494 ab
1073 462 1178 494 antica
1204 468 1295 506 parte
1320 463 1351 494 in
1368 465 1530 506 posticam
1554 466 1684 498 mobilis
1711 465 1835 497 inversa

134 523 200 567 (fig.
228 523 280 556 29.
305 523 360 563 (1.).
416 521 523 563 Quam
548 521 601 564 fig.
626 521 678 554 30.
702 532 731 564 y.
757 533 772 552 a
799 526 889 563 parte
915 521 1020 553 antica
1048 520 1209 564 exprimit,
1240 521 1295 552 ubi
1321 521 1415 564 plana
1441 523 1651 567 parvulisque
1677 524 1756 555 setis
1783 524 1836 555 ob-

133 592 226 612 sessa
252 585 313 616 est,
339 580 417 611 dum
440 579 526 610 latus
552 578 717 622 posterius
744 590 939 616 convexum,
967 578 1023 610 sed
1050 579 1143 610 sulco
1170 578 1311 610 divisum
1336 585 1479 622 apparet.
1531 582 1724 613 Antron-sum
1748 593 1837 619 vero,

132 637 164 669 in
188 637 259 680 ipsa
283 636 390 668 inedia
415 636 487 668 basi
516 636 692 680 plantulae,
717 635 823 667 minor
849 636 1100 679 deprehenditur
1124 636 1240 668 tertius
1270 637 1468 680 unguiculus
1497 637 1664 677 inversus,
1696 639 1751 683 qui
1777 645 1836 677 est⁷

132 700 168 726 ut
192 694 291 733 aiunt,
315 694 587 738 pseudonychium
612 693 815 736 (empodium
832 693 926 725 Nitz
938 693 1056 736 schii)
1082 706 1119 725 ac
1136 694 1276 726 fortasse
1294 694 1515 727 rudimentum
1532 696 1698 739 unguiculi
1717 698 1836 739 pedum

131 764 286 784 verorum
311 764 427 784 erucae
453 751 632 783 existimari
658 752 764 783 debet.
818 750 886 794 Fig.
912 752 964 784 30.
990 764 1016 785 z.
1043 764 1163 783 nexum
1193 751 1361 795 unguiculi
1393 752 1496 784 dextri
1527 765 1603 785 cum
1633 754 1776 796 plantula
1806 760 1837 787 ct

131 809 381 853 pseudonychio
406 809 501 841 nobis
528 809 681 841 declarat.
698 811 723 851 *)

291 869 319 910 ξ.
345 868 396 900 22.
444 867 522 900 Alae
554 866 714 898 sesiarum
746 879 944 910 magnopere
975 872 1050 898 sunt
1080 867 1262 910 elongatae.
1314 866 1536 899 Latitudinem
1568 880 1661 900 suam
1689 868 1758 901 alae
1786 882 1837 900 an-

132 925 216 957 ticae
240 924 444 969 longitudine
470 924 586 956 saltem
603 924 722 968 triplici
748 937 822 956 cum
848 925 1036 968 quadrante„
1063 924 1211 968 posticae
1236 924 1357 968 duplici
1375 937 1449 957 cum
1468 925 1600 957 dimidia
1627 929 1836 969 superant.**)

131 982 177 1015 Ut
202 982 287 1026 apud
314 982 481 1025 complura
507 981 710 1025 lepidoptera
736 981 795 1013 alis
821 981 970 1025 angustis
996 982 1170 1021 instructa,
1200 982 1277 1014 item
1302 983 1387 1026 apud
1414 983 1518 1015 sesias
1544 996 1676 1027 quoque
1701 984 1749 1015 ala
1775 996 1837 1017 αη-

133 1041 195 1073 tica
220 1039 387 1079 (anterior)
413 1051 488 1071 cum
514 1039 562 1070 ala
591 1040 715 1084 postica
740 1039 949 1083 (posteriorc)
980 1052 1037 1083 per
1067 1040 1283 1072 retinaculum
1314 1041 1487 1085 coniugata
1521 1047 1580 1073 est.
1636 1041 1706 1073 Tali
1736 1042 1836 1073 modo

131 1098 217 1136 alae,
254 1097 318 1129 aeri
342 1097 492 1129 latiorem
523 1097 689 1140 planitiem
721 1097 895 1129 indivisam
926 1099 1135 1141 praebentes,
1172 1098 1211 1129 ad
1241 1098 1418 1130 volandum
1447 1099 1551 1143 magis
1584 1099 1719 1131 idoneae
1747 1100 1836 1134 fiunt.

131 1156 214 1187 Illud
243 1155 454 1188 retinaculum
484 1161 593 1187 autem
619 1155 759 1198 primum
790 1155 926 1187 efficitur
957 1155 1107 1199 longiore
1143 1156 1251 1189 aculeo
1283 1156 1485 1200 aliquantum
1518 1162 1670 1195 curvato,
1707 1157 1763 1200 qui
1796 1159 1837 1189 ad

131 1213 226 1245 basin
250 1213 319 1244 alae
343 1212 492 1255 posticae
518 1225 705 1256 supremam
730 1213 845 1245 affixus
871 1219 922 1245 est
947 1219 978 1245 et
1002 1213 1033 1245 in
1060 1214 1211 1245 omnibus
1237 1214 1295 1246 alis
1320 1214 1459 1257 posticis
1485 1215 1549 1246 tab.
1572 1215 1608 1246 ΙΙ.
1634 1216 1836 1248 adumbratis

133 1275 302 1314 comparet
326 1270 393 1313 (fig.
419 1271 471 1303 56.
496 1276 551 1315 p.).
605 1271 694 1303 Idem
720 1270 853 1302 aculeus
879 1271 964 1314 apud
996 1271 1187 1314 apil'ormem
1213 1271 1394 1304 clarissime
1423 1284 1463 1304 ex
1488 1285 1545 1304 sex
1574 1273 1627 1304 vel
1652 1279 1729 1305 octo
1756 1274 1835 1306 setis

133 1328 252 1361 crassis
279 1328 485 1371 compositus
511 1334 571 1367 est,
597 1340 681 1372 quae
705 1328 791 1360 facili
816 1328 949 1372 negotio
980 1328 1121 1372 disiungi
1146 1335 1298 1372 possunt.
1351 1329 1580 1362 Verisimiliter
1609 1332 1695 1374 apud
1721 1344 1835 1364 omnes

133 1385 261 1429 species
287 1391 412 1418 ceteras
438 1387 562 1418 ratione
588 1387 723 1430 analoga
750 1392 961 1419 constructus
987 1392 1048 1425 est,
1072 1386 1134 1418 nisi
1161 1388 1248 1430 quod
1273 1387 1326 1419 hic
1352 1387 1499 1432 singulae
1525 1393 1614 1420 setae
1639 1394 1728 1421 arcte
1752 1389 1834 1422 inter

130 1455 166 1475 se
192 1449 364 1475 concretae
388 1443 602 1487 reperiuntur.
651 1443 802 1476 Anterior
826 1456 940 1488 margo
966 1444 1035 1476 alae
1060 1445 1186 1477 anticac
1211 1446 1375 1485 deorsum,
1404 1446 1597 1478 nominatim
1621 1446 1653 1478 in
1678 1447 1750 1479 basi
1776 1460 1834 1480 sua

129 1501 302 1545 insigniter
327 1501 612 1537 circumvolvitur,
637 1501 692 1533 ubi
718 1513 820 1545 genus
846 1502 1011 1545 quoddam
1036 1505 1170 1547 vayinae
1193 1504 1241 1536 vel
1264 1504 1388 1537 canalis
1412 1503 1518 1547 fingit,
1550 1503 1583 1535 in
1608 1516 1674 1547 quo
1700 1505 1832 1537 aculeus

129 1558 231 1590 modo
257 1558 440 1602 descriptus
466 1559 559 1591 iacet.
610 1559 679 1600 Fig.
706 1560 756 1592 55.
784 1571 812 1592 a.
840 1559 923 1591 hanc
955 1559 986 1591 in
1012 1560 1162 1592 inferiore
1186 1560 1286 1593 latere
1316 1561 1442 1593 anticae
1467 1561 1536 1593 alae
1565 1561 1751 1594 asiliformis
1779 1564 1832 1595 ob-

129 1615 215 1648 viam
245 1616 484 1649 institutionem
515 1617 692 1648 admodum
725 1622 969 1660 augmentatam
999 1617 1113 1649 reddit.
1172 1618 1247 1660 lpso
1281 1619 1341 1650 sub
1373 1619 1475 1651 canali
1505 1619 1561 1651 illo
1592 1620 1631 1651 ab
1661 1625 1752 1652 costa
1779 1621 1832 1653 hic

131 1674 322 1705 decurrente
352 1686 468 1717 magna
500 1675 593 1718 copia
623 1674 882 1706 lanceolatorum
913 1687 1110 1718 organorum
1139 1674 1226 1707 foliis
1261 1675 1414 1707 similium
1445 1677 1604 1716 exoritur,
1642 1689 1729 1720 quae
1757 1690 1832 1710 curn

131 1731 369 1770 consimilibus,
395 1731 427 1763 iu
452 1732 597 1775 margine
622 1732 742 1764 canalis
767 1732 871 1775 ipsius
897 1731 981 1764 natis
1008 1744 1043 1763 se
1070 1737 1181 1764 secant
1211 1738 1243 1764 et
1267 1732 1323 1764 tali
1347 1734 1446 1765 modo
1472 1734 1621 1766 aculeum
1646 1735 1831 1778 prohibent,

130 1788 307 1832 quominus
334 1801 373 1821 ex
398 1790 501 1821 canali
527 1790 683 1822 elabatur.
739 1790 840 1822 Cuius
867 1790 995 1833 generis
1022 1803 1167 1834 organon
1193 1790 1225 1822 in
1253 1790 1306 1834 fig.
1332 1792 1384 1823 55.
1409 1804 1434 1825 c.
1459 1792 1554 1824 valde
1579 1793 1753 1825 adauctum
1779 1806 1831 1827 ex-

131 1851 207 1885 stat,
232 1847 320 1889 quod
347 1846 478 1890 quidem
496 1855 629 1891 propter
653 1848 843 1891 qualitatem
870 1848 1034 1891 aliquanto
1059 1848 1163 1892 magis
1182 1860 1333 1880 corneam
1351 1854 1449 1892 atque
1468 1849 1593 1881 firmam
1617 1851 1830 1884 insertionem

131 1915 213 1935 cave
238 1916 313 1935 cum
344 1917 479 1948 squama
512 1905 703 1938 confundas,
757 1907 903 1937 Cunctae
934 1918 1010 1937 vcro
1041 1905 1102 1938 hae
1126 1918 1178 1937 res
1209 1905 1283 1949 plus
1316 1905 1412 1938 etiam
1445 1907 1591 1939 sectione
1622 1910 1830 1942 transversali

130 1960 182 2005 fig.
209 1963 261 1994 55.
287 1963 314 1995 b.
340 1962 568 2001 dilucidantur,
594 1975 677 2006 quae
702 1975 758 2006 per
782 1963 887 2007 ipsam
912 1963 994 1994 alam
1020 1962 1159 1995 anticam
1185 1975 1287 2006 prope
1311 1964 1456 1996 canalem
1482 1965 1578 1996 ducta
1604 1971 1664 1998 est.

289 2020 355 2052 lain
386 2020 426 2051 ad
457 2020 722 2063 disquisitionem
752 2022 989 2062 coslarum,*⁸*)
1016 2032 1098 2063 quae
1128 2020 1159 2052 in
1186 2021 1397 2064 systematice
1425 2022 1605 2054 recentiore
1635 2023 1826 2067 gravissima

290 2186 313 2219 ss)
337 2186 436 2212 Partes
456 2187 503 2221 fig.
527 2186 573 2212 29.
595 2190 623 2212 ct
645 2186 691 2212 30.
715 2195 865 2220 expressae
886 2186 965 2220 pedis
981 2191 1045 2212 sunt
1067 2187 1150 2212 antici
1172 2187 1262 2213 sesiae
1278 2187 1431 2221 apiformis,
1454 2191 1644 2214 verumtamen
1666 2198 1720 2215 non
1737 2189 1826 2215 ¹solum

132 2234 192 2259 eius
224 2242 329 2268 ungues
360 2235 455 2265 ceteri,
488 2235 538 2260 sed
570 2235 653 2260 ctiam
685 2243 792 2269 ungues
820 2235 939 2260 omnium
972 2236 1127 2269 specierum
1159 2235 1195 2261 ad
1226 2235 1336 2261 modum
1368 2236 1451 2270 plane
1483 2237 1631 2271 analogum
1663 2238 1826 2263 conformati

132 2282 271 2308 videntur.

291 2330 327 2364 **)
350 2331 521 2357 Enucleatae
543 2340 689 2357 mensurae
712 2335 823 2357 exstant
844 2332 872 2357 in
895 2332 1018 2357 tabulam
1040 2332 1207 2367 adjunctam,
1230 2342 1311 2367 quam
1333 2333 1468 2358 conferas.

292 2379 343 2413 *Ὃ
366 2378 484 2404 Nomina
506 2380 539 2405 ab
561 2379 986 2406 Herriehio-Schaoffero
1009 2381 1092 2406 costis
1114 2381 1202 2407 indita
1223 2391 1274 2407 nos
1297 2390 1447 2412 servamus,
1470 2380 1644 2416 quantumvis
1668 2389 1700 2406 ea
1720 2382 1824 2415 passim

133 2436 189 2453 nou
211 2428 277 2453 satis
301 2427 446 2453 enucleata
468 2432 495 2453 ct
515 2429 643 2462 praecisa
664 2429 819 2455 videantur.
855 2428 901 2454 Sic
922 2429 1010 2454 minus
1032 2433 1160 2463 patentes
1182 2430 1305 2456 rationes
1327 2434 1466 2456 costarum
1486 2434 1542 2455 tam
1558 2429 1687 2455 deorsum
1709 2430 1822 2456 eircum-
