2087 2777
1053 110 1077 143 8

218 219 364 252 maxillae
389 222 496 260 partes
523 227 606 247 nunc.
632 217 805 255 sequentes
833 223 983 243 seorsum
1004 216 1202 253 spectamus,
1229 223 1312 254 quae
1338 211 1512 255 praecipue
1537 211 1568 243 in
1587 212 1734 243 seeundo
1753 212 1918 257 tertioque

218 277 363 309 membro
388 274 451 306 iam
477 272 645 305 manifeste
671 281 790 300 corneo
817 268 1014 300 consistunt.
1062 267 1209 300 Tertium
1234 269 1421 301 membrum
1446 269 1498 313 fig.
1523 270 1575 302 39.
1602 271 1630 302 b.
1656 269 1717 300 fert
1741 270 1846 313 magis
1872 270 1918 302 in-

217 341 358 366 trorsum
390 338 421 364 et
452 328 595 362 nonnihil
626 339 756 359 sursum
787 326 947 357 directum
977 331 1128 369 quartum
1162 326 1344 358 membrum
1370 338 1405 364 c.‚
1438 326 1531 358 cuius
1564 338 1647 370 apes
1684 327 1767 358 duos
1799 327 1915 360 breves

216 390 379 433 cylindros
405 397 552 423 corneos,
580 391 753 428 utrumque
777 384 865 416 brevi
892 396 1050 426 processu
1076 383 1273 415 instructum
1291 383 1383 427 gerit.
1419 383 1525 427 Magis
1544 384 1701 415 deorsum
1726 383 1824 415 etiam
1850 385 1915 416 duo

216 447 350 491 cylindri
376 444 482 477 cornei
508 448 666 486 prostant,
693 443 749 474 sed
775 441 941 485 aliquanto
974 441 1139 473 tenuiores
1170 454 1207 473 ac
1236 453 1396 484 processu
1422 446 1588 480 carentes,
1619 447 1651 473 et
1677 441 1760 473 inter
1786 453 1844 473 eos
1871 447 1916 473 at-

217 518 280 549 que
306 504 427 548 priores
454 501 526 533 illos
554 501 636 532 duae
661 499 757 532 etiam
785 500 898 531 breves
925 499 1050 530 setulac
1076 499 1231 531 existunt.
1279 498 1391 529 Hocee
1422 498 1607 530 membrum
1637 499 1734 531 tinem
1766 499 1917 532 maxillae

215 561 373 594 inferioris
399 559 514 597 efficit,
547 571 647 602 quum
677 570 750 600 pars
777 569 792 587 a
819 556 965 587 membro
992 556 1086 587 tertio
1111 556 1216 599 magis
1243 561 1427 588 extrorsum
1458 555 1672 598 proficiscens
1699 557 1819 601 palpus
1843 569 1916 590 ma-

214 620 339 654 xillaris
364 623 525 650 censetur.
565 618 670 657 Quam
696 627 734 647 ex
760 615 906 646 membro
933 613 1034 645 basali
1058 614 1088 647 d.
1115 619 1147 645 et
1171 613 1318 644 membro
1344 612 1431 644 finali
1456 625 1492 651 e„
1518 613 1611 645 cuius
1637 626 1720 657 apex
1745 614 1811 646 fere
1838 627 1914 657 qua—

216 684 287 709 tuor
313 676 362 707 vel
388 688 445 708 sex
471 675 584 706 breves
611 684 785 716 processus
811 677 935 715 gestat,
967 670 1186 714 compositam
1217 670 1379 704 videmus.
1428 671 1534 702 Ambo
1567 671 1647 703 haee
1676 672 1822 704 membra
1848 684 1915 715 par-

215 740 278 765 tem
304 746 320 764 a
346 733 398 764 vix
424 730 627 775 longitudine
653 735 805 773 superant,
830 734 862 761 et.
887 729 989 761 multo
1017 727 1162 761 tenuiora
1188 733 1273 760 sunt.
1307 729 1340 760 ln
1365 728 1471 771 primo
1490 729 1638 760 membro
1656 729 1816 761 maxillari
1834 730 1917 762 duae

216 796 346 824 exstant
372 789 506 827 setulae,
532 787 684 821 membris
711 787 854 819 secundo
880 786 1043 829 tertioque
1071 786 1216 829 singutas
1250 791 1377 818 tantum
1408 786 1439 817 in
1465 791 1556 829 parte
1580 785 1731 818 inferiore
1756 787 1916 819 offerenti-

217 850 287 886 bus,
315 854 347 880 ut
372 848 403 879 in
429 848 479 889 fig.
505 847 557 879 37.
583 845 712 889 punctis
738 844 1002 888 indigetavimus.

373 906 406 937 ln
432 906 544 938 eadem
569 916 700 947 quoque
724 903 823 946 ligura
849 903 1078 934 adumbratum
1103 901 1294 944 reperimus,
1320 902 1490 945 quomodo
1521 901 1627 933 media
1654 901 1760 944 portio
1786 901 1915 934 inferio-

215 964 258 996 ris
291 963 397 996 lateris
429 962 543 1005 capitis
577 961 748 1004 utrobique
781 961 910 992 duobus
944 959 1095 1004 oblongis
1121 959 1275 991 brevibus
1302 959 1473 1003 triangulis
1508 959 1636 991 corneis
1662 959 1837 1003 coniugata
1863 960 1916 999 sit,

216 1035 355 1066 quorum
380 1020 623 1053 terminationes
649 1019 746 1050 altera
773 1031 810 1050 ex
836 1024 926 1061 parte
953 1017 1084 1061 perinde
1109 1017 1348 1061 cognoscimus
1379 1023 1411 1049 et
1442 1017 1498 1061 qui
1523 1016 1660 1061 singulis
1686 1017 1717 1048 in
1743 1017 1916 1061 speciebus

217 1079 347 1111 tirmiter
378 1078 520 1109 coiicreti
551 1077 708 1109 videntur.
756 1076 853 1114 Pars,
884 1088 966 1119 quae
997 1075 1193 1119 insequitur,
1226 1075 1382 1119 qualitate
1413 1081 1464 1107 est
1494 1075 1741 1107 membranacea
1767 1075 1917 1119 duasque

216 1136 276 1168 sert
301 1137 433 1174 setulas,
459 1148 533 1167 cum
559 1135 630 1167 istis
656 1134 748 1177 primi
774 1133 910 1166 membri
937 1132 1111 1165 maxillaris
1136 1133 1168 1164 in
1186 1133 1270 1165 serie
1294 1146 1356 1165 una
1382 1133 1574 1171 collocatas,
1600 1144 1637 1164 ae
1656 1138 1822 1175 praeterea
1847 1133 1916 1176 plu-

218 1206 267 1226 res
294 1199 454 1226 monstrat
478 1206 575 1236 rugas
602 1199 815 1223 transversas.
863 1191 967 1234 Magis
994 1197 1177 1223 antrorsnm
1202 1190 1267 1222 iam
1292 1191 1397 1229 tuber,
1423 1192 1516 1222 cuius
1543 1201 1639 1233 supra
1665 1190 1803 1222 fecimus
1829 1203 1915 1223 men-

218 1252 351 1289 tionem,
377 1250 556 1288 descendit,
582 1251 668 1293 quod
696 1255 866 1293 segmento
892 1249 1035 1292 quodam
1059 1248 1159 1280 ferme
1184 1248 1321 1280 membri
1352 1248 1454 1281 instar
1484 1260 1559 1279 cum
1590 1247 1661 1279 basi
1692 1247 1790 1279 huius
1816 1248 1916 1291 partis

217 1308 342 1340 mediae
367 1307 530 1352 posterius
558 1308 717 1339 cohaeret.
767 1306 868 1338 Cuius
895 1306 993 1349 partis
1020 1306 1145 1337 mediae
1170 1306 1241 1338 finis
1268 1306 1410 1338 anterior
1434 1305 1575 1349 imagine
1593 1305 1726 1348 obliqua
1745 1305 1777 1337 iu
1794 1305 1846 1349 fig.
1865 1306 1917 1339 38.

217 1367 355 1398 multum
381 1371 609 1409 augmentatus
635 1377 810 1408 expressus
837 1370 894 1398 cst.
932 1365 978 1395 Ab
1005 1369 1151 1396 extremo
1176 1363 1299 1396 tuberis
1324 1364 1378 1408 fig.
1398 1365 1450 1396 38.
1470 1375 1500 1396 α.
1524 1363 1587 1395 fine
1611 1363 1789 1406 posterius,
1815 1363 1916 1395 direc-

218 1423 305 1455 tione
336 1423 478 1455 nonnihil
514 1429 714 1461 transversa,
739 1428 924 1454 antrorsum
950 1422 1167 1465 proclinatum
1192 1433 1339 1466 organon
1364 1420 1474 1464 prodit
1500 1421 1606 1453 nendo
1638 1420 1838 1459 inserviens,
1867 1422 1917 1465 fu

218 1482 306 1515 sulus
331 1483 398 1521 b.·)
447 1482 495 1513 Ad
520 1487 695 1524 utrumque
720 1480 788 1512 eius
814 1480 911 1518 latus,
936 1480 1102 1523 aliquanto
1125 1479 1231 1524 magis
1257 1484 1443 1511 antrorsum
1468 1484 1500 1510 et
1517 1479 1590 1522 plus
1617 1478 1714 1511 etiam
1732 1484 1917 1511 transversa

217 1539 404 1576 directione,
432 1540 514 1571 dnae
539 1539 684 1570 oriuntur
710 1544 817 1582 partes
843 1551 879 1577 ε..
905 1551 987 1581 qnae
1013 1538 1089 1582 quin
1110 1538 1202 1583 palpi
1226 1537 1358 1571 labiales
1383 1536 1457 1575 siut,
1484 1536 1624 1568 dubitari
1641 1536 1764 1580 nequit.
1799 1536 1916 1580 Longo

218 1596 400 1628 efficiuntur
425 1597 570 1628 membro
596 1596 706 1630 basali,
733 1596 763 1627 in
790 1609 855 1639 quo
881 1595 965 1627 aliud
992 1596 1173 1628 membrum
1199 1594 1432 1628 brevissimum
1462 1594 1501 1625 ad
1528 1594 1663 1626 modum
1689 1594 1813 1638 globuli
1838 1594 1917 1626 fibu-

216 1654 319 1685 latorii
346 1654 474 1692 insidet,
500 1655 586 1697 quod
613 1654 750 1685 setulam
776 1659 897 1697 gestat„
930 1654 1028 1685 veluti
1054 1653 1194 1697 primum
1219 1653 1402 1685 membrum
1427 1664 1530 1695 aeque
1555 1652 1654 1684 talem
1680 1652 1774 1685 offert
1799 1651 1831 1683 in
1855 1651 1917 1684 fine

219 1723 278 1742 suo
304 1711 482 1754 superiore.
530 1711 576 1743 llli
609 1711 691 1754 palpi
723 1711 857 1743 labiales
889 1710 1020 1754 perinde
1050 1723 1086 1743 ac
1110 1710 1239 1743 fusulus
1265 1710 1421 1754 qualitate
1447 1715 1525 1742 sunt
1549 1722 1678 1742 cornea.
1725 1710 1839 1742 Mutua
1865 1721 1916 1741 eo-

221 1781 288 1799 rum
313 1768 546 1812 magnitudinis
571 1768 652 1799 ratio
678 1768 708 1799 in
735 1768 888 1799 omnibus
915 1780 1014 1811 prope
1045 1767 1204 1800 sesiarum
1235 1768 1340 1801 erucis
1366 1768 1440 1800 talis
1466 1767 1594 1806 existit,
1624 1767 1754 1811 qualem
1785 1767 1839 1811 fig.
1865 1767 1916 1800 38.

219 1832 446 1868 repraesentat,
474 1826 594 1871 necnisi
621 1825 704 1869 apud
732 1826 922 1870 apiformem
949 1831 979 1858 et
1005 1825 1266 1858 scoliaeformem
1291 1826 1420 1858 fusulus
1446 1825 1551 1869 palpis
1576 1825 1706 1857 brevior
1732 1837 1806 1857 esse
1830 1824 1917 1857 vide-

220 1888 279 1919 tur,
306 1884 360 1915 sed
387 1883 471 1915 idem
497 1889 607 1916 contra
634 1884 730 1916 etiam
756 1884 851 1927 longe
876 1883 1017 1916 crassior
1042 1890 1219 1927 comparet.
1265 1885 1377 1928 Ipsum
1407 1889 1516 1916 autem
1546 1883 1656 1922 tuber,
1688 1883 1720 1914 in
1750 1894 1816 1926 quo
1843 1882 1917 1915 illae

221 1945 326 1983 partes
352 1947 489 1980 exstant,
514 1941 682 1985 proprium
708 1942 827 1975 labium
852 1941 985 1985 inferius
1015 1941 1269 1974 existimandum
1295 1947 1355 1974 est.
1403 1942 1577 1973 Extremus
1608 1952 1786 1984 processus
1817 1940 1915 1973 huius

377 2066 400 2098 ⁴⁴)
424 2066 540 2093 Erat-am
563 2068 742 2099 tipnlisorinis
764 2076 815 2101 per
836 2067 921 2093 horae
944 2068 1127 2102 quadrantem
1150 2068 1227 2094 filum
1249 2068 1351 2094 ducere
1374 2067 1536 2097 observavi,
1565 2067 1642 2102 quod
1666 2066 1754 2101 ipsius
1777 2067 1914 2102 magnitu-

218 2114 310 2140 dinem
337 2115 522 2148 centuplicato
549 2116 634 2142 ferme
662 2120 815 2150 superaret.
860 2116 943 2148 Quod
972 2125 1041 2150 opus
1069 2125 1153 2151 quum
1179 2116 1288 2142 circiter
1315 2121 1435 2152 quatuor
1462 2116 1545 2142 horas
1573 2116 1633 2141 sine
1662 2115 1721 2141 ulla
1747 2116 1806 2142 fere
1828 2117 1913 2142 inter-

221 2163 350 2189 missione
373 2163 554 2192 continuarit,
581 2165 656 2190 filum
683 2164 817 2199 produxit
843 2164 931 2198 ipsius
958 2165 1177 2199 magnitudinem
1204 2165 1304 2191 saltem
1331 2165 1433 2191 millies
1461 2164 1618 2190 sexcenties
1642 2164 1790 2190 excedens.
1834 2164 1916 2197 Quae

221 2211 335 2245 egregia
358 2211 440 2237 nendi
462 2212 579 2238 facultas
602 2222 743 2239 erucarum
767 2213 901 2238 sesiarum
922 2213 1057 2247 optimum
1080 2218 1122 2239 est
1142 2213 1306 2244 subsidium,
1329 2217 1359 2239 ut:
1381 2213 1436 2240 iam
1458 2213 1652 2244 excrementis,
1676 2222 1747 2249 quae
1771 2222 1804 2239 ex
1828 2213 1915 2239 domi-

222 2259 290 2284 ciliis
313 2260 369 2284 suis·
391 2260 507 2285 occultis
530 2261 698 2294 propellunt,
721 2261 788 2286 haec
811 2262 977 2287 animalcula
1000 2266 1028 2287 etv
1049 2263 1110 2296 pari
1131 2262 1240 2289 ratione
1263 2262 1399 2297 degentes
1423 2262 1518 2287 larvae
1541 2262 1716 2296 quorundam
1738 2262 1915 2297 coleoptero-

224 2317 279 2333 rum
303 2308 535 2335 discriminentur.
559 2309 658 2343 quibus
681 2310 763 2334 nendi
786 2310 903 2335 facultas
926 2319 1041 2343 prorsus
1064 2310 1152 2336 deest.
1197 2309 1311 2336 Scilicet
1332 2310 1460 2345 singulae
1482 2310 1637 2344 particulae
1659 2310 1830 2337 excrementi
1853 2318 1915 2336 eru-

224 2364 313 2381 carum
336 2357 468 2382 sesiarum
491 2366 585 2382 onmes
609 2357 670 2391 plus
693 2358 736 2383 rel
758 2359 845 2384 minus
872 2367 923 2392 per
950 2359 997 2384 tila
1026 2358 1109 2385 dueta
1131 2359 1294 2389 cohaerent,
1324 2359 1351 2384 id
1378 2359 1454 2394 quod
1478 2359 1551 2394 apud
1574 2359 1665 2385 larvas
1688 2360 1916 2394 coleopterorum

225 2413 361 2438 nunquam
385 2405 517 2432 obvenire
541 2409 642 2440 potest.
