2087 2777
988 133 1008 167 7

150 237 328 280 marginem
354 236 548 267 anteriorem
573 234 744 266 latitudine
769 234 969 277 aliquantum
988 234 1183 273 increscunt,
1210 235 1263 277 qui
1289 235 1368 277 ipsc,
1393 246 1504 279 marqo
1522 236 1673 269 incisivus
1698 243 1846 275 vocatus,

150 295 252 326 tribus
278 294 329 325 vel
355 298 495 336 quatuor
513 291 691 335 segmentis
711 290 859 335 globosis
885 291 915 322 in
942 297 1082 334 quatuor
1106 292 1156 323 vel
1175 292 1318 335 quinque
1336 293 1447 324 tubera
1467 292 1658 325 distributus
1677 299 1737 331 est,
1764 306 1848 337 quae

150 352 246 383 etiam
272 363 346 383 eum
372 349 522 381 dentibus
548 348 670 391 passim
698 354 884 391 comparata
911 354 995 380 sunt.
1044 349 1197 381 Proxime
1226 349 1370 380 infimum
1401 350 1497 381 tinem
1529 351 1618 383 basis
1648 352 1847 384 mandibula-

148 421 218 440 rum
245 414 428 440 extrorsum
454 413 611 439 antennae
634 411 792 449 prostant.
838 406 909 449 Fig.
935 407 987 438 40.
1013 411 1143 438 auctam
1167 406 1261 438 refert
1288 412 1459 438 antennam
1486 408 1757 451 myopaeformis,
1789 410 1845 441 sed

149 466 218 498 eius
245 470 405 497 structura
433 463 584 495 omnibus
610 463 641 494 in
669 463 842 506 speciebus
869 463 947 494 satis
972 469 1189 496 consentanea
1207 464 1344 496 videtur.
1380 464 1424 495 Ut
1448 464 1683 508 Lyonnetus
1710 468 1750 498 de
1775 479 1846 498 cos-

150 535 259 554 sorum
292 533 385 553 eruca
419 521 663 559 animadvertit,
695 521 737 552 ita
767 521 820 553 hic
852 533 985 565 quoque
1017 527 1086 553 tota
1118 527 1254 553 antenna
1286 522 1318 553 in
1344 528 1441 565 caput
1465 523 1582 554 retrahi
1608 530 1735 567 potest,
1761 526 1848 557 unde

147 581 393 612 membranacea
425 579 572 610 eiusdem
604 579 836 617 consistentia,
869 579 985 611 saltem
1016 579 1152 611 membri
1181 579 1318 618 basalis,
1351 579 1436 611 ultro
1462 586 1604 623 apparet.
1652 582 1723 614 Hoc
1748 595 1845 615 mem-

149 639 240 669 brum
276 637 371 680 plane
407 637 446 668 ad
482 637 615 668 modnm
647 637 885 668 tentacularum
921 637 1157 680 gastropodum
1194 637 1371 668 introrsum
1403 637 1588 676 invertitur,
1619 650 1718 681 quum
1749 641 1846 672 ambo

147 695 290 726 membra
317 694 482 737 superiora
508 694 539 725 in
565 706 600 725 se
625 694 764 726 invicem
790 700 819 726 et
846 694 876 725 in
898 694 1080 726 membrum
1105 694 1217 726 hasale
1242 707 1315 727 sese
1340 695 1514 733 insinuant,
1540 707 1599 727 nec
1617 697 1755 739 amplius
1780 704 1847 730 tan-

146 758 259 795 topere
288 764 385 795 quam
416 752 478 783 hoc
509 751 674 794 posterius
707 752 953 783 membranacea
979 751 1138 783 videntur.
1186 752 1291 796 Magis
1323 752 1418 784 etiam
1451 765 1588 785 corneae
1614 760 1746 786 naturae
1772 761 1847 787 sunt

147 810 190 841 illi
216 822 346 842 sursum
380 815 410 841 et
441 809 595 840 deorsum
627 809 657 840 in
688 810 835 841 membro
867 809 964 841 tertio
991 809 1079 840 obvii
1109 809 1199 852 parvi
1225 810 1360 853 cylindri
1387 811 1512 849 cornei,
1539 811 1635 843 sicuti
1660 812 1703 851 is,
1735 813 1789 855 qui
1815 814 1845 845 in

147 868 282 900 membri
308 866 393 899 tertii
418 866 509 909 apice
534 872 651 898 exstat.
692 867 793 898 Porro
820 867 850 898 in
876 867 928 910 fig.
947 868 997 899 40.
1023 867 1120 898 ctiam
1146 879 1162 898 a
1187 868 1335 899 membro
1361 869 1506 900 Secundo
1533 875 1717 901 extrorsum
1744 876 1845 902 setam

146 927 277 969 longam
302 924 564 968 proficiscentem
589 924 758 963 videmus,
788 936 874 967 pone
904 936 1001 967 quam
1032 925 1136 956 multo
1161 925 1267 957 minor
1291 925 1469 963 invenitur,
1502 931 1534 957 et
1564 926 1670 958 minor
1694 927 1791 959 etiam
1816 928 1846 959 in

147 983 282 1015 membri
312 981 399 1014 tertii
430 981 531 1013 latere
560 981 713 1014 interiore
738 987 916 1025 comparet.
970 983 1106 1025 Insuper
1142 982 1194 1014 hic
1226 989 1358 1015 mutuae
1387 984 1610 1015 membrorum
1643 984 1845 1028 singulorum

145 1041 287 1073 rationes
312 1038 565 1083 longitudinales
591 1039 687 1071 nobis
713 1044 896 1082 patescunt,
922 1039 953 1071 in
979 1040 1098 1083 quibus
1126 1045 1233 1072 tamen
1258 1040 1498 1073 constituendis
1528 1047 1662 1084 propter
1686 1044 1847 1075 membro-

146 1111 216 1130 rum
240 1097 493 1129 insinuationem
518 1097 550 1129 in
576 1109 611 1129 se
636 1097 776 1129 invicem
802 1097 1057 1140 prudentissime
1083 1099 1245 1142 agendum
1271 1104 1331 1130 est.

302 1154 429 1187 Rursus
456 1154 589 1198 oblique
614 1160 646 1186 et
672 1160 858 1187 extrorsum
891 1155 930 1186 ab
962 1155 1109 1187 antennis
1140 1155 1315 1200 utrobique
1347 1168 1405 1188 sex
1430 1157 1518 1190 ocelli
1542 1157 1574 1188 in
1598 1157 1846 1201 hemisphaeriis

1796 1216 1846 1260 gis

146 1284 286 1310 sursum,
313 1283 453 1315 quorum
478 1276 587 1302 tamen
613 1271 693 1302 ordo
718 1270 773 1302 vix
799 1276 951 1302 arcuatus
977 1271 1040 1302 dici
1065 1276 1192 1314 potest,
1217 1271 1372 1314 quoniam
1397 1271 1499 1304 instar
1523 1272 1634 1315 potius
1659 1273 1846 1317 irregularis

144 1213 348 1257 reperiuntur
373 1218 405 1245 et
428 1212 542 1244 itidem
568 1212 710 1255 quidem,
736 1218 773 1244 ut
796 1212 828 1244 in
855 1212 971 1245 ceteris
997 1213 1120 1252 erucis,
1152 1214 1216 1245 duo
1248 1214 1353 1258 magis
1379 1214 1551 1253 deorsum,
1577 1220 1718 1258 quatuor
1741 1228 1792 1247 ma

144 1331 292 1373 quadrati
317 1330 448 1362 habent.

302 1388 416 1420 Mutua
443 1386 648 1430 singulorum
679 1387 859 1419 ocellorum
891 1385 1082 1430 magnitudo
1114 1392 1145 1418 et
1176 1386 1208 1418 in
1240 1387 1352 1419 eadem
1378 1387 1488 1430 specie
1513 1388 1640 1420 differre
1663 1394 1790 1432 potest,
1816 1395 1848 1421 et

144 1446 337 1477 nominatim
362 1451 474 1477 mutua
500 1444 631 1475 illorum
656 1444 778 1487 positio
804 1443 835 1475 in
862 1443 998 1488 singulis
1025 1444 1198 1487 speciebus
1224 1458 1325 1489 prope
1352 1457 1480 1489 semper
1504 1446 1706 1490 aliquantum
1730 1447 1845 1478 variari

144 1503 280 1536 videtur.
319 1503 389 1547 Fig.
414 1505 465 1536 41,
491 1501 689 1545 positionem
716 1502 895 1534 ocellorum
919 1502 1016 1533 refert
1041 1501 1219 1545 apiformis,
1244 1504 1298 1547 fig.
1324 1504 1375 1536 42.
1402 1503 1601 1542 asiliformis,
1626 1505 1679 1549 fig.
1704 1506 1757 1537 43.
1782 1505 1844 1536 for-

145 1561 379 1599 micaeformis,
410 1560 465 1592 ubi
497 1559 625 1591 diversa
658 1558 755 1590 etiam
789 1559 969 1591 ocellorum
993 1560 1185 1604 magnitudo
1211 1562 1372 1593 declarata
1406 1567 1455 1593 est
1479 1568 1577 1605 atque
1603 1562 1744 1594 circulus
1771 1574 1844 1594 eum

144 1620 255 1651 locum
280 1618 410 1657 indicat,
436 1630 501 1662 quo
527 1622 685 1649 antennae
710 1618 893 1649 membrum
917 1618 1029 1650 basale
1054 1619 1236 1663 assurgitf)
1285 1619 1394 1660 Quum
1426 1620 1637 1662 potissimum
1662 1620 1744 1651 inter
1769 1632 1845 1663 qua-

144 1682 219 1709 tuor
245 1677 370 1709 ocellos
397 1675 582 1719 superiores
608 1687 693 1707 unus
720 1675 771 1707 vel
798 1676 863 1706 dno
888 1675 944 1718 pili
974 1676 1005 1707 in
1038 1676 1138 1708 sulcis
1170 1689 1266 1720 supra
1293 1677 1558 1709 commemoratis
1585 1683 1725 1716 exstent,
1749 1678 1844 1710 valde

145 1735 328 1767 cavendum
354 1739 414 1773 est,
438 1746 479 1766 ne
503 1733 600 1765 huius
627 1733 755 1776 generis
781 1733 844 1764 loci
862 1733 1025 1776 pellucidi‚
1050 1734 1242 1777 praesertim
1261 1734 1286 1767 si
1305 1734 1360 1777 pili
1378 1735 1548 1778 praefracti
1567 1741 1651 1774 sunt,
1677 1747 1735 1778 pro
1761 1735 1844 1768 ocel—

144 1794 184 1825 lis
211 1793 381 1825 ducantur.

309 1852 336 1893 §.
362 1851 392 1882 4.
439 1850 511 1882 Jam
537 1850 576 1881 ad
601 1850 686 1881 latus
713 1848 828 1891 capitis
858 1849 991 1881 inferius
1022 1856 1228 1882 transeuntes
1258 1849 1397 1893 primum
1429 1851 1468 1882 de
1492 1856 1629 1893 utraque
1652 1851 1845 1893 parteklate-

144 1909 201 1940 rali
228 1908 439 1941 disseramus,
487 1907 656 1940 Posterius
682 1912 820 1950 utraque
845 1918 921 1938 cum
945 1907 1131 1951 triangulari
1157 1908 1233 1940 stilo
1259 1919 1378 1939 corneo
1410 1913 1561 1940 concreta
1593 1914 1658 1947 est,
1689 1908 1744 1952 qui
1777 1909 1843 1940 stili

144 1967 331 1998 membrana
359 1965 518 2009 synoviali
545 1977 618 1997 cum
644 1964 795 1996 inferiore
819 1970 910 2008 parte
934 1965 1028 2008 primi
1054 1965 1215 2010 segmenti
1236 1965 1342 1997 trunci
1360 1965 1503 2008 copulati
1522 1971 1606 1997 sunt.
1654 1966 1732 1998 Pars
1757 1978 1844 1998 nunc

146 2023 321 2068 insequens
347 2023 451 2067 magis
478 2029 527 2055 est
551 2023 812 2061 membranacea,
836 2023 1010 2055 lateraliter
1037 2036 1111 2055 eum
1128 2022 1376 2067 hemisphaeriis
1403 2035 1440 2054 ac
1465 2022 1615 2066 portione
1639 2024 1744 2056 media
1771 2036 1842 2056 eoa-

146 2081 211 2113 lita.
260 2081 396 2113 sirciter
421 2080 490 2124 ipsa
518 2081 578 2112 sub
603 2079 673 2112 basi
691 2080 951 2112 mandibularum
975 2082 1084 2113 levem
1107 2081 1153 2113 ibi
1179 2081 1340 2114 cernimus
1365 2080 1621 2112 infibulationem
1645 2086 1842 2114 transversa—

146 2138 219 2177 lem,
245 2139 299 2171 ubi
324 2139 464 2183 primum
490 2138 672 2170 membrum
696 2139 905 2171 maxillarum
929 2139 1111 2178 inchoatur,
1137 2140 1225 2183 quod
1250 2151 1327 2171 vero
1353 2151 1428 2170 cum
1444 2138 1632 2170 lateralibus
1651 2139 1757 2170 adhuc
1773 2150 1841 2181 par-

147 2196 234 2228 tibus
262 2209 397 2239 prorsus
424 2196 577 2228 coalitum
605 2201 636 2227 et
661 2196 817 2239 qualitate
843 2197 1088 2229 membranacea
1120 2197 1303 2240 praeditum
1336 2196 1389 2228 vix
1413 2195 1490 2227 licet
1514 2197 1697 2228 membrum
1721 2208 1842 2227 nuncu-

148 2266 232 2297 pare.
281 2254 423 2287 Cunctas
454 2254 513 2286 has
539 2260 648 2298 partes
680 2254 743 2286 iam
774 2254 805 2286 in
830 2254 884 2298 sig.
909 2255 961 2287 37.
987 2254 1136 2287 videmus
1169 2260 1200 2286 et
1230 2254 1261 2286 in
1292 2254 1343 2297 fig.
1369 2255 1422 2288 39.
1447 2253 1585 2285 multum
1617 2258 1841 2298 augmentatas

306 2384 330 2417 *)
352 2382 391 2409 Ut
412 2385 439 2409 in
463 2386 559 2411 ocellis
582 2386 752 2420 singularum
776 2386 929 2419 specierum
946 2385 1144 2411 adumbrandis
1160 2385 1304 2410 breviores
1321 2394 1382 2411 esse
1397 2386 1545 2419 possimus,
1568 2394 1615 2410 eos
1639 2383 1685 2409 Cl.
1710 2382 1840 2418 Speye-

147 2432 196 2457 ris
217 2433 417 2466 praeeuntibus
441 2434 543 2466 opt-ime
566 2435 686 2460 numeris
710 2435 887 2469 designamus
910 2438 937 2459 et
960 2443 992 2459 ea
1014 2434 1125 2468 quidem
1150 2434 1266 2461 ratione,
1291 2443 1373 2468 quam
1396 2435 1422 2459 in
1443 2435 1490 2468 fig.
1514 2435 1559 2458 41.
1584 2432 1768 2457 exhibuimus.
