2087 2777
1049 107 1099 142 34

226 232 329 264 eaque
354 219 529 261 productas
555 220 662 258 partes
687 214 738 245 vel
758 214 903 258 picturas
927 212 1056 243 alarum
1087 210 1227 252 spectari
1253 216 1286 242 et
1309 210 1479 243 enucleate
1510 210 1681 242 nominari.
1729 211 1800 243 Nos
1826 212 1926 255 igitur

227 280 265 310 ab
291 276 348 308 alis
375 274 489 307 antieis
515 272 677 303 ordientes
704 274 946 313 augmentatam
973 269 1056 299 alam
1075 266 1306 310 sphegiformis
1333 268 1399 312 (fig.
1418 268 1469 301 62.
1485 269 1537 310 Α.)
1564 268 1779 311 disputationi
1806 281 1925 313 suppo-

226 346 352 371 namus,
377 332 514 376 prinmm
541 329 626 361 illius
659 328 804 371 singulas
835 332 942 371 partes
976 324 1157 368 exposituri
1187 329 1215 356 et
1247 326 1476 368 nuncupaturi.
1530 327 1613 358 Ante
1643 325 1751 358 omnia
1781 327 1927 358 maculas

226 392 372 436 hyalinas
388 393 410 432 ”)
435 388 569 420 aliorum
592 391 762 418 anctorum
786 384 1013 421 discernimus,
1039 394 1093 414 eas
1120 382 1328 424 perhibentes
1346 394 1455 417 aream
1470 385 1695 428 cuneiformem
1721 383 1787 427 (fig.
1805 384 1857 416 62.
1874 384 1926 425 b.)‚

227 461 335 483 aream
360 445 621 490 lonqimdinalem
651 444 716 487 (fig.
742 444 793 475 62.
818 446 861 481 a.)
893 447 922 473 et
955 452 1063 474 aream
1093 440 1281 473 exteriorem
1311 441 1377 483 (fig.
1403 442 1455 474 62.
1479 445 1535 484 c.)‚
1566 454 1625 474 nec
1655 447 1763 473 tamen
1797 441 1926 473 silentio

228 510 480 551 praetereuntes,
505 502 564 533 has
591 513 680 532 areas
706 511 871 542 nunquam
897 510 959 530 non
989 498 1136 541 hyalinas
1162 509 1246 532 esse.
1299 499 1381 530 Area
1407 504 1538 530 externa
1572 499 1674 531 costis
1702 500 1730 534 2,
1755 511 1861 542 usque
1887 499 1927 530 ad

226 567 267 603 9,,
293 569 343 595 aut
379 559 542 593 nonnullis
574 571 683 590 earum
714 557 798 600 apud
829 556 933 588 varias
967 556 1095 599 speeies
1126 555 1156 587 in
1185 555 1311 587 varium
1342 567 1514 587 numerum
1545 557 1731 590 areolarum
1761 556 1927 589 dividitur.

225 633 319 665 quas.
344 625 379 650 nt
403 619 526 650 factum
559 622 604 648 est
632 616 662 647 in
688 616 739 657 fig.
766 615 817 647 62.
843 628 878 653 ι“.,
910 626 965 657 per
992 617 1020 651 1,
1046 615 1076 652 2,
1101 614 1121 646 3
1147 613 1379 657 designamus,
1411 613 1515 645 costis
1541 625 1605 645 non
1631 614 1809 657 respectis,
1841 614 1928 646 unde

226 678 353 710 areolae
378 675 577 719 prodierunt.
628 673 688 705 Ubi
720 672 852 715 perinde
882 677 980 715 atque
1009 671 1063 703 hic
1093 671 1226 714 insuper
1256 676 1442 703 extrorsum
1473 677 1506 703 et
1537 683 1669 703 sursum
1698 672 1805 705 areola
1832 671 1927 704 trian-

226 735 347 779 gularis
374 739 476 766 exstat
505 736 647 775 (semper
672 730 732 761 illis
764 742 802 761 ex
829 729 928 772 stirpe
955 729 1120 761 communi
1147 728 1293 760 oriundis
1324 728 1427 761 costis
1454 730 1483 761 7.
1510 734 1542 761 et
1566 730 1595 762 8.
1619 729 1736 771 facta),
1767 742 1839 762 eam
1863 742 1928 762 non

225 804 448 829 numeramus,
486 790 542 821 sed
568 790 708 822 areolam
737 788 944 821 accessoriam
974 787 1131 825 dicimus,
1169 798 1254 829 quae
1285 787 1370 830 apud
1402 787 1539 819 eandem
1570 788 1652 819 adeo
1684 787 1828 831 speciem
1858 793 1927 819 tum

225 851 353 882 adesse.
378 855 448 880 tmn
473 848 589 879 deesse
614 851 733 889 potest.
782 846 917 877 Ceterae
943 845 1070 876 areolae
1095 845 1234 876 formam
1258 844 1333 887 plus
1358 844 1509 877 minusve
1534 845 1624 889 longi
1648 845 1785 889 trapezii
1808 845 1929 878 habere

228 908 343 946 solent,
369 905 491 939 neenisi
516 904 618 948 prima
645 903 750 935 areola
777 903 886 946 specie
912 902 1074 947 segmenti
1100 902 1267 934 circularis
1293 902 1407 940 utitur,
1438 902 1476 941 si,
1500 908 1537 934 ut
1560 902 1624 942 hic,
1656 902 1759 935 costis
1785 903 1927 935 secunda

226 971 259 998 et
282 965 372 996 tertia
399 963 544 995 efficitur.

385 1022 431 1053 Ex
458 1019 540 1051 loeis
567 1018 780 1062 squamigeris
799 1018 939 1061 primum
964 1018 1080 1057 media,
1106 1019 1193 1051 alam
1217 1018 1354 1051 anticam
1379 1018 1512 1062 oblique
1529 1030 1701 1062 permeans
1726 1030 1801 1061 pars
1825 1018 1929 1062 fascia

227 1081 332 1113 media
357 1080 420 1121 (fig.
448 1080 499 1110 (52.
517 1080 554 1118 e.)
580 1082 729 1113 vocatum
756 1081 921 1108 externam
940 1082 1065 1119 partem
1091 1077 1151 1108 sub
1176 1075 1356 1120 marginem
1382 1076 1577 1108 exteriorem
1597 1076 1693 1107 sitam
1710 1088 1770 1108 nos
1794 1076 1930 1120 fasciam

230 1137 425 1171 terminalem
450 1136 514 1177 (fig.
534 1135 584 1168 62.
610 1136 653 1174 cl.)
679 1134 881 1175 di‹·i1nus.‘*)
927 1133 1040 1165 Fascia
1066 1133 1170 1166 media
1196 1146 1275 1165 vero
1302 1133 1411 1177 specie
1428 1146 1627 1178 magnopere
1652 1134 1779 1166 differre
1803 1138 1928 1177 potest;

225 1194 324 1226 fascia
350 1192 527 1225 terminalis
554 1192 614 1223 sub
638 1191 815 1235 marg-inem
834 1192 903 1223 alae
928 1191 1121 1224 anteriorem
1147 1203 1277 1235 semper
1293 1190 1388 1222 latior
1410 1191 1521 1223 existit
1543 1203 1645 1235 quum
1670 1192 1731 1224 sub
1749 1191 1929 1235 marginem

226 1251 423 1285 interiorem,
472 1250 571 1281 t‘olor
595 1249 714 1281 sasciae
739 1249 866 1281 mediae
890 1249 1053 1281 invenitur
1078 1249 1108 1280 in
1135 1249 1204 1280 alae
1228 1249 1329 1281 latere
1353 1249 1521 1292 superiore
1545 1249 1738 1293 plerumque
1754 1249 1928 1287 obscurus,

228 1322 297 1341 raro
324 1314 507 1340 extrorsum
532 1307 630 1338 limbo
656 1307 846 1339 versicolori
872 1307 1065 1345 distinctus,
1097 1312 1167 1346 ant,
1192 1312 1230 1338 ut
1253 1308 1338 1351 apud
1365 1307 1630 1351 cynipiformem,
1662 1319 1765 1350 paene
1795 1306 1928 1339 omnino

227 1366 368 1398 vividus.
421 1366 454 1396 ln
485 1364 634 1397 inferiore
664 1365 732 1396 alae
763 1364 864 1396 latere
893 1365 992 1397 fascia
1025 1364 1130 1397 media
1164 1377 1400 1408 saepenumero
1437 1365 1532 1408 plane
1561 1365 1777 1397 diversicolor
1808 1364 1928 1398 existit.

226 1424 339 1457 Fascia
365 1429 471 1455 autem
497 1422 674 1454 terminalis
700 1423 796 1466 longe
821 1423 966 1455 erebrius
989 1423 1132 1454 colorata
1149 1423 1326 1466 reperitur3
1351 1422 1539 1466 frequenter
1565 1423 1655 1455 solae
1680 1428 1793 1455 costae
1819 1434 1928 1466 super-

229 1488 306 1514 sunt
331 1482 505 1519 obscurae,
535 1492 596 1512 nec
620 1493 690 1511 raro
715 1486 822 1512 tamen
848 1480 931 1513 inter
956 1493 1010 1512 eas
1043 1482 1142 1512 modo
1168 1481 1259 1513 aliter
1285 1481 1451 1512 coloratae
1475 1480 1580 1513 lineae
1608 1481 1673 1524 (fig.
1700 1482 1748 1513 72.
1774 1480 1846 1521 E.)‚
1877 1480 1928 1512 vel

226 1539 374 1571 maculae
399 1539 614 1571 cuneiformes
641 1539 705 1581 (fig.
726 1539 790 1579 70.)
817 1544 1016 1581 comparent.
1055 1539 1181 1571 Subtus
1208 1538 1367 1571 coloratio
1393 1550 1522 1582 semper
1546 1538 1651 1571 multo
1676 1537 1782 1582 magis
1808 1537 1929 1570 eminet

386 1678 409 1711 ’ἢ
432 1677 602 1712 Hyalinas
634 1682 727 1713 partes
754 1676 894 1705 maculas
926 1678 1069 1713 appellare
1103 1679 1183 1704 nohis
1215 1682 1332 1712 propter
1363 1679 1505 1713 propriam
1538 1678 1663 1704 maculae
1695 1677 1927 1713 significationem

228 1726 317 1752 minus
346 1730 441 1760 aptum
470 1727 588 1752 videtur.
631 1728 699 1753 Item
727 1736 819 1753 aream
846 1727 1044 1753 euneiformem
1073 1732 1101 1753 et
1128 1727 1360 1763 longitudinalem
1388 1736 1444 1753 uno
1472 1727 1584 1753 nomine
1603 1725 1806 1763 pyramidata
1828 1725 1926 1759 (Her-

229 1774 578 1801 riehio-Sehaefsero
601 1779 730 1810 aiu-tore)
764 1777 925 1810 complecti,
958 1777 1042 1801 missa
1074 1776 1156 1802 etiam
1182 1776 1335 1811 pyramidis
1357 1777 1450 1811 speeie
1473 1785 1557 1810 saepe
1581 1776 1732 1802 admodum
1752 1774 1926 1810 imaginaria,

228 1832 278 1857 per
300 1824 517 1849 diversissimum
538 1825 683 1859 utriusque
706 1826 792 1859 partis
814 1825 938 1851 habitum
961 1834 1016 1851 non
1038 1825 1111 1851 lieet.
1147 1826 1251 1851 Aream
1273 1829 1366 1851 autem
1389 1829 1532 1851 externam
1548 1825 1659 1851 nomine
1680 1825 1787 1851 formae
1807 1832 1923 1858 respon-

230 1872 321 1901 dente,
344 1881 426 1906 quum
449 1882 480 1898 ea
502 1873 617 1898 mult-um
639 1874 770 1905 xarietur7
794 1874 928 1909 insignire
950 1883 1005 1900 non
1027 1875 1116 1908 potui⁷
1139 1874 1189 1900 sed
1211 1874 1329 1900 eandem
1350 1878 1491 1908 tamquam
1514 1878 1657 1900 externam
1681 1873 1789 1899 duabus
1810 1872 1927 1907 reliquis

230 1924 368 1953 tamquam
389 1921 502 1947 internis
525 1930 647 1956 oppono,
676 1923 751 1957 quod
775 1922 817 1949 Cl.
845 1922 1063 1953 Ledercrus,
1097 1923 1143 1957 qui
1175 1922 1288 1957 quidem
1321 1922 1389 1948 duas
1422 1932 1501 1949 areas
1532 1923 1656 1948 internas
1687 1931 1739 1957 pro
1767 1930 1821 1947 una
1848 1921 1927 1946 duxit

232 1968 312 2002 eique
335 1978 430 1994 nomen
453 1968 575 1997 innerer
598 1968 746 2005 Glassleclt
767 1971 811 1997 vel
833 1968 973 2006 Keilsleclc
995 1971 1082 1999 «ledit,
1104 1971 1132 1996 in
1154 1972 1234 1997 sesiis
1257 1971 1448 1997 describendis
1466 1971 1584 2005 perinde
1606 1971 1733 1997 instituit.
1758 1970 1822 2003 (cfr.
1848 1967 1925 1996 Ver-

230 2014 424 2053 handlunqen
446 2017 496 2045 des
518 2017 924 2055 zooloyisck-botanischen
950 2017 1069 2047 Vereins
1090 2018 1121 2046 in
1148 2017 1234 2047 Wien
1252 2020 1384 2053 18521.)
1408 2020 1510 2046 Aream
1533 2024 1677 2046 externam
1698 2018 1925 2045 Herrichius-

232 2064 458 2091 Schaosferus
481 2067 590 2101 quidem
612 2067 762 2095 maculam
783 2066 985 2095 rolmldalam
1003 2069 1165 2097 nominavit,
1187 2072 1216 2094 at
1236 2069 1377 2095 rarissime
1392 2069 1514 2095 rotunda
1528 2072 1580 2100 est,
1603 2072 1635 2094 ut,
1655 2068 1757 2094 intuitu
1778 2067 1829 2094 tibi
1845 2067 1926 2093 facile

230 2114 421 2147 persuadebis,
444 2115 493 2140 sed
515 2116 606 2149 potius
629 2118 752 2153 oblonga
774 2118 816 2143 vel
840 2116 977 2151 quadrata
998 2127 1059 2143 eum
1080 2117 1234 2144 manifestis
1257 2118 1366 2153 angulis
1388 2117 1618 2152 deprehenditur.

388 2162 425 2195 *U
448 2163 572 2189 Fasciam
593 2166 710 2191 mediam
731 2166 998 2200 Laspeyresius
1019 2164 1151 2201 fasciam
1173 2165 1413 2194 transversalem
1439 2166 1605 2201 appellavit,
1627 2166 1791 2200 pleonasmo
1813 2165 1925 2192 minime

230 2210 386 2244 probando.
431 2211 525 2236 Fascia
547 2213 697 2239 terminalis
720 2215 753 2240 ab
775 2213 1200 2241 Heri-iehio-Schaeffero
1222 2213 1315 2243 limbo
1332 2213 1453 2242 alarum
1467 2213 1659 2242 anteriorum
1681 2215 1852 2249 designatur,
1875 2214 1925 2240 sed

231 2268 284 2284 vox
308 2259 408 2284 limbus
430 2259 474 2285 hie
506 2260 593 2285 minus
626 2264 790 2288 conveniens
824 2263 942 2293 videtur,
975 2264 1139 2297 praesertim
1172 2273 1256 2298 quum
1283 2265 1323 2290 sie
1346 2272 1458 2299 quoque
1479 2271 1575 2297 margo
1605 2263 1747 2297 posterior
1769 2263 1802 2289 ab
1826 2261 1925 2289 eodem

233 2310 344 2333 auetore
367 2308 431 2333 alibi
455 2308 571 2333 dicatur.
596 2309 637 2334 Gl.
666 2309 872 2338 Ledererus
899 2312 1011 2338 fast-,iam
1038 2312 1211 2339 terminalem
1240 2310 1487 2349 ‚7Fl1'k'98lspilzve“
1516 2311 1666 2346 perhibuit,
1689 2316 1717 2337 at
1738 2316 1846 2346 partem
1868 2315 1923 2336 tam

232 2355 324 2386 latam,
347 2360 377 2381 ut
398 2360 487 2382 totum
508 2366 559 2391 per
580 2359 731 2393 marginem
752 2361 937 2395 posteriorem
966 2361 1171 2396 exporrigatur,
1199 2362 1305 2397 apicem
1327 2362 1433 2388 alarum
1454 2369 1556 2387 vocare
1578 2360 1654 2387 nulla
1675 2361 1784 2387 ratione
1806 2368 1922 2387 consen-

233 2406 341 2430 taneum
363 2406 535 2432 arbitramur.
