2087 2777
1030 112 1081 145 26

211 221 388 265 appelletur
413 224 445 250 et
470 218 605 249 addatur
630 215 789 258 spiraliter
814 213 976 256 involutant
1000 212 1149 256 quamvis
1175 213 1207 244 id
1233 213 1366 245 minime
1391 212 1498 244 onmia
1524 213 1564 244 ad
1589 212 1738 255 exempla
1763 214 1911 256 quadret.

213 277 422 310 Potissimum
449 274 581 307 extremi
607 273 733 305 articuli
760 272 942 304 terminales
963 270 1168 302 maxillarum
1193 270 1333 313 papillis,
1360 270 1473 302 setulis
1493 270 1631 314 aliisque
1657 270 1787 313 organis
1813 283 1910 313 pecu-

212 335 342 367 liaribus
369 334 434 377 (l'g.
460 334 509 365 20.
535 336 578 371 a.)
605 331 785 368 abundant,
817 342 956 373 ‹piot-iim
981 328 1119 360 formam
1145 327 1279 360 mirifice
1311 328 1484 361 adauctam
1513 329 1565 372 fig.
1592 328 1642 361 20.
1668 328 1696 361 b.
1722 327 1855 359 exhibet
1880 334 1911 360 et

211 393 404 424 diametrum
430 389 676 422 transversalem
702 388 752 431 fig,
781 389 831 421 20.
857 400 880 419 c.
906 391 1135 430 repraesentat.
1188 385 1277 417 Haec
1303 397 1423 429 organa
1449 386 1578 417 duobus
1604 385 1667 416 illis
1693 385 1724 416 in
1749 385 1912 417 larvarum

213 450 348 481 articulo
381 446 537 479 terminali
569 446 772 478 maxillarum
805 458 820 476 a
854 445 947 476 nobis
974 444 1037 475 iam
1069 442 1251 475 observatis
1284 443 1488 486 aliquantum
1519 443 1656 485 analoga
1689 448 1765 474 sunt
1795 448 1826 474 et
1858 442 1911 474 hic

210 519 342 550 quoque
367 506 430 536 duo
457 517 569 536 corum
596 516 727 546 prorsus
754 503 784 534 in
810 503 869 533 tine
896 508 1041 533 extremo
1067 501 1172 532 locata
1200 500 1485 543 deprehendimus.
1527 501 1680 532 Ceterum
1706 500 1776 532 illas
1802 505 1911 543 partes

212 566 251 597 de
276 562 444 595 asiliformi
470 561 690 604 (ἴορὶιιχίιῃιιςἢ
724 560 780 591 sed
807 565 944 591 cunctae
968 571 1069 602 prope
1095 557 1222 601 species
1255 570 1376 601 organa
1402 557 1518 589 similia
1549 570 1660 601 gerere
1684 558 1852 597 videntur,
1885 557 1911 589 si

212 623 275 654 sere
300 622 338 652 ab
365 618 524 663 apiformi,
550 617 787 661 laphriaeformi
814 622 845 648 et
868 616 1071 659 liylaeiformi
1097 615 1302 649 discesseris,
1328 614 1383 647 ubi
1410 614 1536 647 articuli
1556 615 1740 648 terminales
1767 615 1910 648 maxilla-

216 692 284 711 rum
310 678 412 710 multo
438 677 579 708 minores
606 681 680 707 suut
705 688 800 718 quain
826 675 911 717 apud
940 674 1066 717 speeies
1093 679 1228 707 ceteras.

369 736 396 778 ξ.
423 736 472 768 18.
518 736 681 767 Antemnae
705 732 929 776 compluribus
955 731 1100 763 articulis
1128 730 1358 769 confiniuntnr,
1385 743 1526 774 quorum
1543 742 1700 763 numerus
1726 730 1809 763 inter
1835 743 1911 775 qua<

212 793 359 837 draginta
385 798 414 823 et
442 791 646 835 septuaginta
672 791 755 833 apud
783 795 911 821 nostras
944 789 1102 821 sensim-um
1134 788 1262 832 species
1296 789 1444 822 fluctuat.
1492 790 1631 832 Semper
1663 793 1694 820 et
1718 788 1912 833 plerumque

212 850 344 894 quidem
374 849 519 881 nonnihil
549 861 644 892 supra
678 848 819 879 medium
849 846 1063 890 longitudinis
1095 859 1174 878 suae
1203 847 1277 890 plns
1309 847 1361 879 vel
1392 846 1500 878 minus
1533 846 1758 878 incrassantur
1788 852 1820 879 et
1850 847 1911 879 sub

214 909 307 940 finem
333 920 426 939 sunm
452 918 565 938 rursus
592 910 816 948 angustantur,
841 918 939 948 qnam
965 906 1006 937 ob
1033 917 1166 937 causam
1192 917 1321 948 semper
1343 905 1530 949 susisormes
1555 904 1773 936 nominandae
1799 906 1912 945 suntl)

213 966 377 998 Numerus
403 976 478 996 vcro
505 963 708 1007 singulorum
734 962 947 996 articulorum
972 964 1053 995 adeo
1078 963 1109 995 in
1136 964 1252 995 eodem
1278 975 1359 994 sexu
1385 962 1534 994 eiusdem
1552 962 1674 1006 speciei
1700 974 1765 994 non
1784 973 1914 1005 semper

215 1024 276 1055 sibi
303 1027 443 1060 constat,
471 1021 527 1053 sed
552 1020 637 1051 varia
664 1020 907 1053 individiwrmn
933 1021 1157 1065 magnitudine
1182 1020 1336 1053 variatur.
1352 1022 1390 1062 “)
1432 1019 1573 1063 Saepius
1599 1020 1732 1063 insuper
1757 1019 1841 1051 duos
1868 1031 1913 1051 ar-

215 1082 334 1113 ticulos
361 1080 407 1111 sic
433 1084 605 1110 concretos
631 1078 819 1122 reperimus,
845 1084 876 1110 ut
907 1079 1134 1111 [antummodo
1161 1084 1215 1111 aut
1242 1091 1351 1122 supra,
1378 1083 1434 1110 aut
1458 1077 1539 1109 infra
1559 1077 1701 1121 separati
1726 1083 1912 1121 appareant.

214 1137 434 1171 Nihilosecius
460 1135 546 1167 sacili
571 1135 702 1179 negotio
728 1136 813 1179 apud
840 1149 953 1169 omnes
981 1137 1107 1180 species
1134 1136 1279 1169 medium
1304 1136 1468 1180 quendam
1501 1135 1716 1168 articulorum
1740 1148 1914 1168 numerum

214 1208 333 1239 ponere
358 1205 548 1238 possumus,
574 1193 628 1237 qui
653 1194 737 1237 apud
763 1194 928 1226 individua
954 1194 1099 1239 vulgaris
1125 1194 1360 1238 magnitudinis
1386 1206 1490 1238 paene
1515 1193 1585 1226 sine
1609 1193 1803 1237 exceptione
1827 1193 1913 1226 inve-

215 1254 328 1286 niatur.
366 1253 662 1286 Animadvertimus
688 1257 797 1284 autem
821 1252 958 1284 feminas
984 1265 1113 1296 semper
1136 1265 1239 1285 uuum
1263 1252 1314 1285 vel
1333 1253 1417 1284 duos
1443 1252 1601 1284 articulos
1627 1251 1702 1295 plus
1727 1263 1827 1295 quam
1849 1264 1914 1283 ma-

215 1324 265 1344 res
292 1311 416 1350 offerre,
442 1311 538 1343 etiam
565 1311 591 1342 si
616 1323 719 1342 mares
744 1310 872 1342 feminis
897 1310 1036 1342 maiores
1063 1310 1214 1344 existant.

373 1369 478 1401 Sicuti
504 1381 654 1401 numerus
680 1368 890 1400 articulorum
911 1368 973 1400 nisi
999 1368 1197 1412 tegumentis
1222 1368 1357 1401 remotis
1382 1380 1439 1412 per
1460 1367 1719 1411 microscopium
1745 1367 1915 1400 enucleate

215 1427 343 1459 decerni
368 1439 431 1458 non
457 1432 583 1470 potest,
615 1426 657 1458 ita
683 1438 795 1458 eornm
820 1438 953 1470 quoque
985 1426 1088 1458 forma
1114 1426 1205 1459 aliter
1229 1425 1390 1471 explorari
1414 1425 1545 1470 nequit,
1577 1438 1661 1469 quae
1693 1425 1823 1470 egregie
1848 1425 1912 1457 dis-

215 1496 346 1527 crepare
370 1490 490 1527 potest.
538 1485 570 1516 ln
604 1497 638 1516 ea
669 1484 861 1516 excutienda
894 1485 932 1516 ab
964 1490 1103 1517 antenna
1134 1484 1321 1517 asiliformis
1352 1483 1491 1516 feminae
1522 1483 1785 1528 proficiscamur,
1817 1483 1911 1515 cuius

216 1554 273 1574 sex
297 1542 419 1586 primos
445 1542 600 1574 articulos
627 1543 675 1586 fig.
704 1544 753 1575 14.
779 1553 807 1576 α.
842 1548 873 1574 et
903 1548 980 1575 octo
1011 1548 1198 1586 postremos
1229 1543 1282 1587 fig.
1311 1544 1361 1575 14.
1387 1543 1415 1576 b.
1440 1541 1639 1586 tegumentis
1666 1542 1806 1574 nudatos
1832 1541 1912 1573 mul-

215 1605 351 1643 tumque
376 1606 603 1644 augmentatos
628 1601 777 1632 referunt.
812 1599 872 1631 Hic
897 1600 995 1644 igitur
1020 1600 1242 1644 conspicimus
1267 1600 1465 1632 latissimum
1490 1599 1631 1643 primum
1656 1599 1840 1638 articulum,
1867 1612 1913 1631 ar·

217 1657 352 1689 ticulum
376 1658 520 1690 basalem
546 1671 588 1696 α.,
614 1658 706 1690 cuius
732 1657 804 1689 linis
829 1657 961 1690 inferior
990 1658 1022 1690 in
1053 1658 1169 1702 capitis
1201 1657 1421 1691 substantiam
1452 1670 1605 1690 corneam
1635 1663 1723 1691 arcte
1747 1658 1842 1702 quasi
1867 1657 1911 1690 in-

217 1720 373 1747 cuneatus
399 1721 457 1750 est.
505 1717 588 1747 Puni
613 1716 674 1748 hoc
700 1716 835 1748 articulo
862 1728 918 1758 per
948 1717 1170 1749 membranam
1201 1716 1405 1761 synovialem
1436 1715 1709 1759 perfectissimam
1735 1716 1816 1748 alter
1840 1715 1912 1748 arti-

217 1772 309 1804 culus
334 1778 363 1812 β.
386 1773 516 1805 iunctus
542 1779 603 1813 est,
628 1774 657 1804 in
682 1786 748 1817 quo
774 1785 887 1805 omncs
915 1774 1156 1818 subsequentes
1175 1774 1303 1807 articuli
1327 1774 1426 1818 longe
1451 1774 1572 1806 arctius
1598 1774 1681 1806 inter
1707 1786 1743 1806 se
1768 1773 1911 1817 copulati

217 1829 260 1861 ita
284 1830 432 1870 insident,
459 1836 494 1862 ut
518 1831 556 1862 iis
582 1831 721 1863 maxime
746 1832 806 1864 sub
832 1832 928 1863 finem
954 1832 1051 1864 etiam
1068 1838 1180 1865 nmtua
1207 1833 1313 1865 adhuc
1338 1832 1441 1865 motio
1460 1844 1620 1864 concessa
1646 1832 1700 1871 sit,
1725 1837 1818 1865 motu
1843 1831 1911 1875 qui-

218 1888 290 1919 dem
315 1888 415 1920 totius
440 1894 597 1921 antennae
621 1889 749 1921 nminisi
774 1902 813 1921 ex
838 1895 1015 1922 memorata
1041 1891 1227 1923 membrana
1253 1890 1415 1935 synoviali
1440 1890 1612 1934 pendente.
1660 1890 1910 1934 Subsequentes

377 2022 399 2055 *)
422 2022 880 2050 Horriehius-Sehaefserus
909 2025 1075 2052 incrassatas
1102 2026 1292 2061 hylaeisormis
1320 2030 1455 2052 antennas
1482 2026 1628 2052 filiformes
1656 2025 1800 2060 perhibet,
1835 2025 1911 2060 quod

219 2078 254 2095 ex
276 2070 514 2096 observationibus
537 2083 553 2098 a
573 2073 653 2099 nobis
675 2074 827 2099 identidem
849 2073 928 2099 factis
950 2083 1005 2100 non
1026 2084 1174 2109 possumus
1196 2084 1251 2101 non
1273 2076 1435 2110 reprobare,
1459 2084 1543 2109 quum
1566 2075 1601 2101 de
1623 2075 1809 2109 quadraginta
1831 2074 1910 2109 quin-

221 2127 274 2152 que
297 2118 486 2153 hylaeiformis
508 2121 628 2147 articulis
650 2122 796 2148 vicesimus
819 2122 931 2157 quintus
952 2132 1041 2158 usque
1063 2124 1098 2150 ad
1120 2125 1293 2160 trigesimum
1314 2124 1373 2150 fere
1395 2127 1532 2155 octavum,
1554 2123 1629 2150 haud
1644 2123 1728 2149 dubie
1751 2128 1779 2149 et
1800 2131 1911 2158 praece-

220 2166 349 2193 dentibus
372 2172 397 2192 et
421 2167 628 2202 insequentibus
651 2171 792 2205 aliquanto
815 2171 967 2197 crassiores
989 2172 1051 2197 sint.

379 2215 415 2248 ²³2²)
438 2215 495 2242 Nos
517 2226 540 2242 e.
557 2227 595 2250 gr.
619 2219 691 2252 apud
713 2220 890 2245 asilisormem
913 2220 1052 2251 feminam,
1074 2221 1151 2247 euius
1173 2225 1309 2248 antennae
1326 2222 1387 2247 grum
1411 2221 1577 2255 aequabant,
1601 2220 1787 2255 quadraginta
1803 2224 1912 2255 septem

221 2263 352 2288 articulos
375 2264 541 2293 invenimns2
564 2267 637 2300 apud
659 2268 747 2296 aliani,
771 2269 817 2295 ubi
839 2273 976 2295 antennae
1000 2270 1058 2294 'imm
1082 2270 1183 2305 longae
1211 2274 1300 2301 erant,
1328 2269 1516 2305 quadraginta
1543 2277 1640 2295 novem
1664 2269 1811 2300 artieulos3
1836 2269 1911 2304 apud

223 2311 301 2336 aliam
324 2313 450 2338 antennis
474 2314 534 2338 9⁷⁰⁸·
557 2314 717 2341 instructam
740 2318 941 2353 quinquaginta
953 2322 1074 2353 quatuor
1090 2318 1236 2349 artieulos;
1260 2318 1335 2352 apud
1357 2318 1439 2344 aliam
1455 2327 1515 2344 cum
1532 2318 1658 2343 antennis
1683 2318 1794 2348 9,·25m¹¹¹
1816 2318 1908 2353 longis

224 2360 421 2394 quinquaginta
444 2362 564 2397 quinque
587 2364 731 2395 articulos,
767 2367 840 2401 apud
864 2367 945 2392 aliam
977 2367 1107 2402 denique,
1135 2367 1213 2393 cuius
1241 2372 1377 2393 antennae
1405 2367 1497 2397 9751¹=¹=¹
1520 2367 1737 2401 respondebant,
1766 2367 1912 2401 sexaginta

224 2408 363 2433 articulos.
