2087 2777
1042 93 1092 127 36

224 205 313 247 gines
345 201 542 245 posteriores
577 204 819 240 segmentorum
857 195 1118 227 antecedentium
1156 193 1356 225 summoveri
1394 199 1545 237 possunt,
1581 193 1773 237 plerumque
1810 200 1920 226 tamen

226 266 390 305 segmenta
418 264 567 303 quartum
593 256 768 299 paulloque
794 254 900 285 minus
927 252 1077 296 quintum
1103 251 1296 293 longissima
1322 264 1437 283 eorum
1462 251 1616 285 existunt,

381 317 445 348 lam
484 319 649 357 segmenta
686 312 807 355 reliqua
834 310 1056 348 excutianms,
1082 309 1221 353 primum
1255 308 1415 347 videntes,
1453 309 1621 352 quomodo
1658 308 1745 351 apud
1781 308 1916 339 feminas

223 378 372 408 habeant.
419 375 487 417 Fig.
514 373 565 405 48.
591 383 620 404 α.
646 372 821 402 adauctum
846 370 1006 401 abdomen
1038 367 1176 399 feminae
1207 365 1478 398 formicaeformis
1509 366 1610 398 latere
1635 365 1758 398 dorsali
1783 366 1921 409 desqua-

223 440 310 466 mato
336 435 565 476 repraesentat.
614 430 827 471 Segmentnm
855 426 1040 469 septinnnn,
1067 424 1118 456 1110
1144 424 1248 455 multo
1274 424 1416 467 longius,
1447 423 1479 454 111
1504 430 1629 466 partem
1655 423 1818 466 posticam
1847 435 1920 455 aeu-

225 492 372 529 minatur,
399 490 453 521 sed
480 493 603 531 partem
629 486 725 517 etiam
753 484 963 527 superiorem,
990 483 1016 514 si
1042 481 1226 514 accuratius
1253 481 1530 519 consideraveris,
1562 482 1667 513 multo
1698 480 1923 525 angustiorem

225 549 375 592 reperies,
400 558 483 589 quae
508 558 583 577 eum
609 543 757 575 inferiore
783 547 872 585 parte
898 539 1099 572 tubuliformi
1130 544 1218 571 arete
1250 538 1427 571 eonerevit.
1476 539 1510 570 lu
1540 538 1716 581 septimum
1746 551 1824 571 vero
1851 550 1921 581 seg-

224 612 368 638 mentum
395 603 562 648 sequeutia
590 601 760 645 plurimum
787 600 906 631 inserta
933 603 1004 629 sunt
1033 610 1070 629 ae
1096 597 1241 640 paullum
1262 597 1362 628 modo
1388 596 1584 640 prominent.
1617 596 1793 640 Aliquanto
1823 595 1921 628 etiam

227 663 331 707 magis
357 666 581 705 augmentata,
612 659 667 690 sed
706 658 780 689 item
818 670 833 688 a
871 657 970 688 latere
1007 655 1127 687 dou-sali
1156 654 1237 686 haee
1270 659 1439 698 segmenta
1471 654 1536 697 (fig.
1568 655 1621 686 48.
1653 655 1696 697 b.)
1728 654 1921 686 referuntur.

228 722 389 753 Octavum
416 724 631 761 segmentum,
657 715 825 747 minimum
851 720 883 746 et
908 726 1009 757 paene
1035 725 1170 756 prorsus
1197 712 1492 751 membranaeeum,
1526 724 1654 755 semper
1687 712 1747 743 sub
1782 711 1922 754 septimo

227 778 355 822 penitus
381 778 467 810 latet,
516 775 649 807 Nonum
681 785 835 816 perquam
868 784 1034 803 corneum.
1065 770 1196 814 longius
1229 776 1261 801 et
1294 769 1370 801 stria
1399 769 1431 801 in
1456 770 1555 802 latere
1581 769 1701 801 dorsali
1727 769 1923 801 instructum

227 842 286 867 est.
333 834 507 867 Decimum
533 832 681 875 denique.
708 831 886 862 admodum
910 841 1046 872 parvum
1073 834 1104 860 et
1134 833 1322 872 augustum,
1352 828 1469 871 longas
1500 828 1560 859 sert
1588 833 1686 860 setas.
1734 828 1827 868 Quae
1853 839 1923 870 seg>

226 899 332 926 menta
359 906 374 923 a
401 892 498 923 latere
523 889 717 921 alidominali
737 887 1007 930 contemplantes,
1034 892 1065 918 ut
1086 887 1137 930 fig.
1157 888 1207 920 49.
1227 885 1368 917 maxima
1389 898 1462 917 eum
1481 885 1749 929 augmentatione
1767 884 1923 922 ostendit,

227 952 380 996 orificium
405 948 590 992 paenultimi
618 947 684 979 sive
710 946 785 977 noni
812 945 972 989 segmenti
998 945 1028 976 in
1054 958 1084 977 α,
1111 944 1198 976 exire
1229 943 1403 975 eeruimus.
1451 943 1486 974 ld
1512 949 1719 987 segmentum
1744 955 1801 986 per
1826 942 1924 986 pusil-

226 1009 303 1041 111111,
330 1008 610 1039 membranaeeum
637 1009 787 1036 oetavum
813 1016 918 1047 usque
944 1004 982 1034 ad
1017 1002 1193 1046 septimum
1224 1001 1409 1044 porrigitur,
1442 1001 1498 1032 ubi
1523 1001 1620 1033 etiam
1646 1014 1746 1033 ovum
1773 1006 1847 1032 ante
1871 1012 1924 1031 va-

227 1066 335 1109 ginam
360 1065 411 1095 hie
437 1063 641 1105 ineipientem
669 1062 766 1093 situm
793 1067 824 1092 et
848 1066 975 1104 praeter
1006 1059 1167 1092 filiformia
1199 1071 1324 1103 orycma
1348 1059 1517 1092 secretoria
1543 1061 1589 1102 (d)
1621 1059 1718 1090 etiam
1753 1059 1924 1092 vesiculam

227 1123 405 1157 seminalem
429 1122 475 1164 (β)
503 1127 533 1153 et
557 1120 736 1154 intestinum
760 1127 877 1152 rectum
903 1121 953 1161 (y)
981 1131 1056 1150 sese
1081 1118 1260 1150 extendens
1286 1116 1427 1148 indicata
1452 1115 1643 1160 reperimus.
1687 1115 1924 1148 Tubuliformis

227 1181 297 1212 linis
323 1179 458 1223 vaginae
483 1178 514 1210 in
539 1177 697 1221 segmenti
729 1177 830 1208 canali
864 1177 946 1209 situs
979 1182 1038 1215 est,
1076 1176 1130 1219 qui
1168 1176 1207 1207 ad
1239 1188 1337 1207 ovum
1377 1175 1492 1207 melius
1525 1175 1787 1217 promovendum
1817 1186 1923 1217 usque

228 1239 266 1269 ad
290 1237 467 1281 marginem
494 1235 717 1279 posteriorem,
743 1236 828 1267 unde
853 1234 905 1267 hie
930 1239 1063 1278 apparet
1088 1239 1249 1271 exsertus,
1276 1238 1483 1277 propagatur.
1524 1233 1597 1276 lpse
1621 1244 1734 1275 margo
1760 1231 1924 1275 posterior

228 1295 363 1339 singulis
390 1294 468 1325 setis
495 1293 601 1337 longis
628 1292 773 1324 eousitus
800 1298 858 1325 est.
904 1292 1080 1324 Decimum
1106 1297 1375 1335 postrenmmque
1406 1296 1613 1334 segmentum
1640 1291 1703 1332 (ἐξ),
1733 1289 1764 1321 111
1796 1301 1923 1332 praeee-

229 1354 318 1391 dens,
345 1358 377 1383 nt
404 1351 547 1389 solitum,
573 1351 739 1389 insertum,
766 1350 796 1381 in
822 1350 948 1394 exiguis
976 1349 1118 1381 verrucis
1143 1348 1331 1381 lateralibus
1366 1354 1416 1380 sat
1444 1349 1564 1392 longos
1590 1352 1699 1391 gestat
1723 1347 1808 1390 pilos
1835 1352 1867 1378 et
1891 1347 1923 1378 in

229 1412 290 1442 11110
315 1423 374 1441 suo
401 1409 497 1441 etiam
522 1408 696 1451 longiores.
745 1408 882 1439 Videtur
912 1408 1099 1440 membrana
1131 1407 1225 1439 valde
1258 1418 1375 1439 cornea
1408 1419 1492 1445 esse,
1524 1418 1608 1449 quae
1638 1406 1670 1436 in
1699 1405 1799 1437 latere
1824 1405 1923 1436 abdo-

229 1467 337 1500 minali
368 1466 560 1509 complicata
592 1465 725 1497 forsitan
755 1465 786 1497 in
819 1466 890 1497 ovis
923 1465 1084 1508 pariendis
1116 1464 1262 1497 nonnihil
1293 1463 1419 1496 dilatari
1449 1469 1570 1506 potest.
1619 1463 1697 1495 Sine
1728 1463 1828 1495 (lubio
1861 1462 1925 1494 hoe

229 1531 434 1569 segmentum
460 1537 561 1567 genus
589 1525 731 1555 terebrae
757 1524 957 1555 censendum
982 1529 1047 1561 est,
1074 1523 1166 1555 euius
1200 1535 1261 1566 ope
1286 1522 1402 1554 femina
1429 1521 1584 1553 idoneum
1613 1521 1724 1552 locum
1749 1520 1781 1552 111
1806 1521 1924 1564 planta,

230 1583 290 1615 sibi
316 1582 438 1626 quaerit
466 1587 496 1613 et
521 1582 559 1613 ad
587 1594 683 1613 ovum
710 1582 899 1624 pariendum
925 1586 1067 1624 apparat.
1108 1580 1177 1613 Nee
1203 1580 1310 1612 minus
1337 1585 1480 1611 statuere
1504 1579 1591 1616 lieet,
1616 1578 1697 1609 illud
1717 1584 1924 1622 segmentum

230 1641 448 1673 rudimentum
474 1645 641 1682 aperturae
666 1645 789 1671 tractus
814 1638 1010 1671 intestinalis
1029 1638 1205 1677 continere,
1233 1639 1321 1682 quod
1339 1637 1473 1681 quidem
1498 1649 1536 1669 ex
1556 1636 1703 1669 Heroldii
1727 1636 1839 1681 figuris
1860 1648 1926 1668 non

231 1699 346 1736 elucet,
372 1698 492 1741 quippe
517 1697 581 1741 qui,
609 1703 638 1728 ut
668 1697 729 1729 iam
755 1697 1085 1729 commemoravimus
1115 1696 1263 1728 habitum
1297 1695 1485 1727 ultimorum
1516 1700 1762 1739 seg-mentorum
1794 1693 1926 1726 minime

233 1756 400 1799 diligenter
425 1755 606 1788 attenderit.

388 1812 482 1844 Num·
518 1814 556 1844 ad
594 1812 689 1844 maris
726 1813 889 1845 abdomen
925 1812 1164 1855 explanandum
1189 1823 1249 1843 nos
1276 1810 1511 1849 convertimus,
1551 1811 1641 1854 quod
1670 1811 1722 1854 fig.
1749 1811 1801 1842 50.
1827 1809 1927 1841 latere

235 1871 352 1902 dorsali
378 1870 608 1914 sphegit'ormis
633 1875 879 1914 augmentatum
905 1869 1064 1913 exprimit.
1114 1868 1299 1912 Septimum
1326 1874 1532 1911 segmentum
1558 1867 1826 1900 antecedentibus
1853 1879 1926 1899 eon-

234 1928 397 1960 venienter
422 1933 657 1964 construetum,
684 1928 745 1959 nisi
772 1928 859 1971 quod
885 1927 1051 1971 aliquanto
1078 1926 1175 1958 etiam
1200 1926 1372 1971 angustius
1399 1931 1457 1959 est.
1501 1928 1664 1958 Octavum
1683 1925 1822 1969 septimo
1839 1924 1926 1957 femi-

234 1998 292 2017 nae
316 1986 500 2028 respondet,
527 1986 582 2017 sed
609 1991 746 2028 angusta
772 1985 857 2017 illius
883 1998 957 2028 pars
984 1985 1132 2028 superior
1157 1986 1196 2017 ab
1221 1984 1371 2017 inferiore
1396 1983 1598 2015 tubuliformi
1623 1983 1727 2015 multo
1752 1982 1926 2014 dilucidius

236 2043 390 2081 seiuncta,
416 2043 480 2074 imo
506 2043 536 2074 in
561 2043 622 2075 11110
648 2056 708 2075 suo
734 2048 902 2086 postremo
927 2056 1028 2087 prope
1053 2044 1148 2086 plane
1172 2043 1273 2075 libera
1298 2047 1357 2074 est.
1397 2041 1475 2073 Duo
1501 2047 1610 2073 autem
1635 2053 1719 2085 quae
1746 2045 1927 2084 sequuntur

237 2107 402 2144 segmenta
435 2100 562 2143 penitus
599 2101 629 2133 in
663 2107 815 2133 octavum
846 2100 1006 2133 inculcata
1039 2106 1125 2139 sunt,
1157 2100 1219 2132 nisi
1249 2101 1338 2144 quod
1374 2100 1405 2132 iu
1436 2099 1525 2132 coitu
1556 2099 1742 2142 prominent
1755 2100 1790 2140 *).
1839 2097 1927 2130 Haec

237 2163 377 2189 extracta
403 2164 431 2189 et
459 2158 614 2201 explicata
642 2164 810 2202 segmenta
843 2170 904 2190 una
931 2171 1005 2190 eum
1030 2159 1167 2190 adaucta
1194 2163 1312 2190 octavo
1337 2158 1392 2202 fig.
1411 2158 1463 2190 52.
1489 2169 1506 2188 a
1529 2157 1630 2188 latere
1647 2155 1768 2188 dorsali
1787 2155 1925 2189 exhibet.

236 2215 357 2247 lbidem
393 2217 472 2247 duas
508 2216 656 2248 videmus
692 2217 852 2255 laterales,
878 2215 1025 2248 nonnihil
1051 2217 1205 2249 deorsum
1229 2215 1467 2260 prominentes,
1492 2213 1647 2246 foliaceas
1673 2219 1781 2258 partes
1808 2213 1849 2258 (9.
1867 2216 1922 2257 9.),

394 2347 418 2380 ²¹)
450 2348 478 2372 In
502 2357 576 2382 pupa
597 2347 665 2373 haee
686 2353 841 2383 segmenta,
865 2349 947 2375 etiam
969 2348 1089 2383 imagine
1111 2348 1165 2375 iam
1187 2348 1310 2382 perfecte
1333 2347 1461 2377 evoluta,
1489 2346 1579 2372 adhuc
1606 2346 1705 2372 dissita
1726 2348 1791 2371 sunt
1812 2348 1840 2371 et
1861 2345 1927 2370 ima-

242 2392 304 2426 gine
325 2394 433 2421 demum
454 2405 468 2421 e
496 2405 570 2431 pupa
591 2401 758 2431 prorepente
786 2397 900 2423 conflari
927 2397 1066 2423 videntur.
1108 2396 1187 2422 Idem
1210 2396 1239 2422 in
1261 2396 1367 2422 ultimis
1395 2395 1514 2422 feminae
1537 2394 1689 2430 segmentis
1712 2394 1886 2420 observatur.
