2087 2777
966 134 1014 168 51

141 237 277 269 folliculi
303 236 475 276 construit,
501 236 557 280 qui
582 241 637 267 aut
660 235 854 278 plerumque
890 247 928 267 ex
964 235 1143 279 parietibus
1175 242 1303 269 meatus
1336 237 1439 280 ipsius
1465 243 1611 276 constat,
1637 244 1693 270 aut
1718 251 1735 271 e
1758 239 1838 283 ligni

139 295 307 338 particulis
333 294 502 326 laxissime
527 292 771 337 conglutinatis,
798 305 927 336 semper
950 305 1028 325 vero
1053 293 1187 326 interior
1211 294 1356 337 copiosis
1383 295 1442 326 filis
1468 295 1648 327 instructus
1675 302 1734 329 est.

299 354 393 397 Pupa
426 357 583 388 testacea,
622 362 784 392 processu
820 350 966 382 verticali
999 350 1200 393 emarginato
1233 352 1298 395 (fig.
1332 353 1382 384 46.
1415 356 1460 391 α),
1491 352 1620 384 frontali
1650 353 1747 385 bifido
1774 355 1838 399 (fig.

139 411 192 448 46,
217 414 260 451 β).
308 408 604 452 Metapodothecae
627 407 682 439 fini
707 420 814 450 pupae
844 407 1020 450 posteriori
1044 407 1184 439 maxime
1209 409 1465 451 approximatae,
1491 422 1507 441 a
1533 412 1836 454 catagnatbothecis

138 481 204 499 non
228 468 324 500 valde
348 471 511 498 remotae:
537 477 618 509 quas
652 470 844 508 sequuntur,
877 464 984 508 spatio
1015 465 1106 497 brevi
1137 465 1338 505 intermisso,
1368 467 1580 509 pterothecae
1610 474 1709 512 atque
1733 482 1837 501 meso-

138 525 355 569 podothecae,
380 523 463 556 inter
488 536 523 555 se
547 523 614 555 fere
631 523 796 566 aequales,
822 528 891 554 tum
909 522 1015 565 spatio
1040 522 1189 566 longiore
1212 523 1450 562 eeratothecae,
1470 525 1619 568 denique,
1646 527 1752 570 spatio
1770 527 1835 559 lon-

139 583 276 627 gissimo
307 581 494 619 interiecto,
526 580 804 624 propodothecae.
853 580 1110 612 Gasterothecae
1146 586 1354 625 segmentum
1385 583 1413 614 2.
1446 582 1649 615 adminiculis
1682 585 1737 617 vix
1767 597 1838 628 per-

139 640 262 683 spicuis
290 643 452 675 ornatum,
479 644 647 681 segmenta
674 639 780 671 3-7.
806 637 837 669 in
863 648 897 675 ς’,
923 638 1030 670 3-6,
1063 637 1094 669 iu
1119 647 1137 672 Ω
1163 638 1370 670 adminiculis
1403 639 1532 671 duobus
1564 639 1735 673 instructa:
1766 655 1838 686 pro-

138 708 253 729 cessus
279 695 389 727 anales
415 707 513 737 supra
539 701 683 737 quatuor
706 695 786 726 infra
812 701 954 738 quatuor
979 695 1030 727 vel
1057 708 1125 727 sex.

295 753 419 797 Imayo,
444 752 497 784 hic
522 765 588 784 nou
613 765 693 792 rara,
719 753 749 784 in
775 753 884 785 lucem
909 752 1019 796 prodit
1045 759 1183 785 exeunte
1207 766 1321 787 mense
1346 754 1433 786 Maio
1459 767 1566 798 usque
1583 756 1623 787 ad
1641 757 1837 800 Augustum.

296 810 402 842 Huius
422 810 527 842 sesiae
546 823 585 842 ex
609 810 707 842 larvis
732 811 1055 844 Iclmeumonidarum
1080 810 1219 854 generis,
1243 811 1452 851 Lissonotac,
1482 813 1625 856 speciem
1650 826 1768 847 novam
1794 818 1839 853 (et

136 880 242 900 mares
269 873 300 900 et
324 868 472 907 feminas,
498 873 637 900 exeunte
662 880 775 899 mense
800 868 886 900 Maio
912 868 943 899 in
968 868 1076 900 lucem
1101 869 1326 911 prodeuntes),
1352 870 1502 913 produxi,
1522 883 1619 914 quam
1640 872 1686 906 Cl.
1704 872 1838 905 Ruthe

134 925 347 957 Lissonotam
372 931 561 969 peronatam
586 925 728 964 vocavit,
754 930 786 956 et
810 924 1001 968 propediem
1026 926 1131 958 fusius
1158 926 1381 970 descripturus
1407 933 1468 960 est.

795 1028 822 1061 9.
868 1027 1175 1059 (ῪΝῙΡΙΡΟΒΜΙὸ

400 1087 491 1121 Esper
514 1086 735 1122 (Europaeiscbc
759 1086 992 1122 Schmetterliuge
1014 1088 1092 1113 Toni.
1115 1088 1150 1114 II.
1174 1089 1230 1114 tab.
1255 1089 1313 1123 23),
1338 1089 1452 1121 Oehslr,
1474 1090 1571 1117 Bois-d.

347 1144 604 1171 VESPIFORMIS
627 1145 712 1179 Lasp.
741 1145 759 1170 1.
783 1156 804 1170 υ.
827 1154 891 1179 pag.
924 1145 979 1178 17).
1005 1161 1038 1163 —
1063 1144 1346 1173 OEs'rmFORMIs
1369 1154 1387 1180 ρ
1411 1148 1503 1182 Espor
1526 1149 1555 1181 (1.
1579 1151 1624 1183 0.).

895 1214 1083 1257 Diaqnosis.

293 1271 410 1303 Fascia
436 1271 541 1302 media
567 1276 723 1315 angusta,
753 1282 886 1302 crocea:
918 1271 1096 1303 terminalis
1123 1271 1166 1311 (in
1191 1281 1214 1307 ὅ
1241 1273 1487 1316 angustissima)
1515 1275 1616 1319 nigra.
1667 1276 1838 1308 Abdomeu

135 1329 313 1373 segmentis
340 1330 369 1362 2.
394 1331 423 1363 4,
449 1330 476 1362 6.
501 1330 547 1369 (iu
573 1339 596 1364 d·
623 1341 755 1372 quoque
774 1330 816 1369 7.)
844 1328 972 1371 postico
998 1329 1174 1372 sulphureo
1201 1331 1378 1362 annulatis:
1403 1332 1580 1365 fasciculus
1605 1333 1780 1365 terminalis
1805 1334 1838 1365 in

134 1396 152 1421 ῼ
184 1387 393 1430 sulphureus,
420 1387 571 1430 utrinque
595 1387 668 1430 plus
694 1387 845 1418 minusve
870 1386 962 1430 nigro
988 1386 1122 1426 mixtus,
1147 1387 1179 1419 iu
1204 1399 1227 1424 0²
1253 1390 1344 1434 niger
1369 1390 1521 1434 utrinque
1546 1391 1682 1423 maculis
1710 1393 1837 1424 duabus

134 1444 325 1488 apicalibus,
352 1445 456 1477 ssavis.

892 1503 1082 1547 Descriptio.

292 1560 485 1603 Mngmtudo
512 1569 535 1595 0²
564 1560 806 1597 17¹“m—22mm,
836 1569 854 1594 Ω
885 1561 1128 1593 17⁰¹¹¹¹—23“¹¹‘¹.

292 1618 413 1650 Vertex
439 1617 705 1661 caeruleo-niger.
758 1618 860 1649 Frons
888 1618 1164 1662 chalybeo-nigra‚
1196 1619 1300 1651 lituris
1328 1620 1454 1652 duabus
1481 1627 1555 1653 ante
1581 1623 1695 1654 oculos
1722 1623 1835 1656 niveis.

133 1674 230 1707 Oculi
256 1675 469 1718 fusco-nigri.
525 1676 638 1719 Margo
668 1675 784 1718 capitis
816 1676 979 1719 posterior
1008 1676 1123 1708 ssavus.
1178 1678 1346 1709 Antennae
1376 1678 1520 1711 articulis
1553 1681 1594 1713 55
1629 1681 1834 1723 compositae

132 1733 417 1776 caeruleo—nigrae,
442 1732 578 1764 articulo
604 1733 707 1764 basali
728 1733 807 1764 infra
833 1734 926 1768 ssavo.
974 1734 1065 1777 Palpi
1090 1734 1224 1766 labiales
1250 1735 1428 1778 sulphurei,
1453 1743 1548 1769 extus
1574 1737 1781 1782 nigricantes.

290 1790 473 1822 Prothorax
496 1790 597 1822 nitide
615 1791 880 1834 caeruleo—niger,
906 1791 986 1823 iufra
1012 1792 1162 1836 utrinque
1180 1793 1294 1825 flavus.
1336 1794 1549 1827 Mesothorax
1569 1796 1834 1839 caeruleo-niger,

132 1848 212 1880 infra
238 1848 375 1880 maculis
401 1849 529 1880 duabus
555 1848 700 1892 magnis,
726 1849 924 1888 lateralibus,
950 1850 1054 1883 ssavis.
1104 1850 1248 1894 Tegulae
1274 1851 1560 1896 caeruleo-nigrae,
1586 1853 1732 1897 margine
1756 1853 1834 1885 inte-

131 1907 217 1939 riore
242 1907 337 1940 ssavo.
388 1906 603 1938 Mesothorax
635 1906 921 1950 caeruleo-niger,
951 1913 1042 1950 parte
1075 1908 1243 1951 superiore
1268 1909 1389 1948 media,
1422 1911 1519 1949 flava,
1550 1910 1690 1954 pilisque
1714 1911 1834 1955 longis,

135 1964 334 2003 lateralibus,
361 1963 625 1996 flavescentibus.

291 2022 370 2054 Alae
394 2022 530 2060 anticae,
555 2022 703 2065 partibus
729 2022 919 2065 squamatis,
944 2022 1227 2067 violaceo-nigrae,
1257 2024 1329 2067 plus
1355 2025 1505 2057 minusve
1530 2026 1715 2069 (praecipue
1739 2027 1770 2058 in
1799 2030 1833 2067 Ω)

133 2091 251 2111 croceo
278 2092 491 2123 conspersae,
528 2085 651 2122 puncto
681 2079 784 2112 basali
810 2080 909 2119 ssavo,
946 2080 1045 2112 fascia
1070 2081 1176 2113 media
1208 2094 1339 2114 crocea:
1375 2082 1454 2114 infra
1485 2095 1590 2127 usque
1620 2085 1658 2115 ad
1690 2084 1834 2116 medium

132 2136 245 2170 ssavae.
292 2137 408 2169 Fascia
433 2137 539 2169 media
559 2137 712 2181 oblonga,
738 2143 887 2181 augusta,
912 2138 1112 2181 marginibus
1130 2139 1243 2171 rectis:
1270 2140 1447 2173 terminalis
1466 2141 1511 2183 (in
1535 2150 1558 2176 d*
1585 2141 1832 2185 angustissima)

131 2194 276 2237 margine
306 2194 459 2227 interiore
491 2200 661 2227 excavato.
709 2196 791 2227 Area
817 2201 947 2227 externa
975 2195 1152 2234 latissima,
1182 2197 1299 2229 areolis
1326 2198 1469 2241 quinque
1495 2200 1696 2242 composita,
1727 2199 1832 2231 areola

132 2252 316 2284 accessoria
342 2253 509 2285 rarissime
532 2265 597 2284 non
622 2252 804 2296 perspicua.
845 2254 922 2285 Alae
946 2254 1094 2297 posticae
1119 2254 1220 2287 costis
1239 2255 1388 2299 lineaque
1411 2256 1533 2288 limbali
1558 2256 1832 2299 violaceo—nigris,

131 2309 277 2353 margine
302 2310 463 2343 anteriore
488 2311 589 2343 ssavo:
622 2316 714 2342 costa
741 2316 924 2343 transversa
956 2312 1061 2343 aulice
1084 2312 1115 2344 in
1141 2313 1292 2357 trianguli
1323 2314 1459 2346 sormam
1489 2320 1674 2358 squamata,
1704 2315 1833 2357 postice

130 2367 324 2400 tenuissima
352 2368 416 2411 (sig.
442 2369 519 2411 69.).
568 2369 648 2400 (¹ilia
674 2369 795 2400 alarum
821 2369 922 2401 nitide
946 2370 1079 2407 sumata,
1105 2371 1309 2413 posticarum
1334 2372 1426 2404 basin
1450 2385 1565 2405 versus
1592 2372 1809 2407 flavescentia,

293 2427 405 2458 Coxae
430 2426 715 2471 caeruleo-nigrae,
741 2427 868 2459 anticae
893 2433 987 2459 extus
1014 2427 1113 2471 striga
1139 2428 1231 2460 ssava.
1272 2430 1409 2462 Femora
1436 2429 1700 2473 caeruleo-nigra,
1727 2430 1831 2462 antica

1579 2490 1613 2514 T*
