2087 2777
841 586 1169 653 ovUM.

312 837 340 879 ξ.
367 839 395 868 1.
442 819 650 881 Superficies
675 846 813 867 ovorum
839 835 998 867 sesiarum
1023 835 1112 866 nudo
1138 834 1271 877 quidem
1296 833 1393 866 oculo
1418 845 1553 876 prorsus
1579 833 1680 866 laevis
1706 840 1850 877 apparel,

153 893 212 925 sed
236 892 457 936 microscopio
483 892 629 925 adhibito
654 892 748 925 facile
774 893 1020 937 cognoscimus,
1044 891 1133 924 illam
1159 903 1199 924 ex
1223 891 1322 924 meris
1346 891 1540 935 plerumque
1565 891 1732 935 oblongis,
1757 891 1852 923 valde

152 950 384 995 irregularibus
416 950 542 983 cellulis
575 951 763 995 sexangulis
795 956 962 989 constare,
1001 962 1138 994 quarum
1172 950 1253 981 fines
1291 948 1418 993 exiguis
1457 948 1557 980 sulcis
1596 949 1853 981 conformentur.

154 1008 252 1050 Quod
276 1007 308 1039 in
333 1007 404 1040 ovis
430 1007 616 1040 asiliformis
642 1009 693 1041 vel
717 1008 993 1052 philanthiformis
1019 1008 1112 1040 fusce
1130 1006 1283 1039 coloratis
1310 1006 1434 1050 optime
1458 1017 1495 1037 ac
1518 1006 1660 1038 maxime
1683 1006 1853 1050 insigniter

155 1065 372 1109 conspicitur,
410 1065 503 1098 cuius
540 1066 667 1110 generis
705 1066 839 1098 cellulas
877 1065 1061 1109 superficiei
1097 1077 1235 1097 ovorum
1267 1064 1426 1096 sesiarum
1455 1064 1596 1096 multum
1626 1068 1852 1107 augmentatas

153 1123 207 1167 fig.
231 1123 262 1156 8.
287 1123 383 1155 nobis
409 1123 563 1156 ostendit.
578 1125 603 1164 ’)

312 1268 336 1302 *)
359 1266 398 1294 Ut
419 1269 468 1294 sub
492 1268 557 1294 divo
580 1277 633 1294 ova
654 1268 743 1294 sesiae
765 1268 881 1294 alicuius
903 1268 1064 1302 reperirem,
1086 1266 1152 1293 mihi
1174 1276 1230 1293 non
1252 1264 1382 1301 contigit,
1410 1266 1465 1292 imo
1492 1275 1632 1301 nunquam
1660 1265 1853 1296 animadverti,

156 1316 243 1343 sesias
266 1320 360 1351 captas
383 1320 431 1343 aut
453 1318 578 1343 obituras
601 1326 653 1343 ova
674 1326 783 1352 parere,
806 1326 973 1352 quamquam
994 1317 1052 1343 fere
1074 1320 1199 1342 trecenta
1220 1315 1319 1342 horum
1335 1315 1563 1341 animalculorum
1584 1323 1618 1341 ex
1633 1323 1709 1349 pupa
1723 1314 1853 1348 produxi.

154 1364 254 1400 Itaque
276 1366 515 1399 perscrutationes
537 1366 637 1392 horum
659 1374 775 1392 ovorum
797 1375 812 1391 a
834 1374 876 1391 me
898 1366 1043 1392 institutae
1065 1365 1101 1391 ad
1122 1365 1189 1391 talia
1203 1367 1310 1389 tantum
1325 1364 1475 1398 pertinent,
1499 1372 1570 1398 quae
1593 1372 1626 1389 ex
1642 1363 1744 1389 ovariis
1766 1367 1855 1389 totum

155 1422 245 1448 paene
265 1414 417 1448 papilionis
439 1415 577 1441 abdomen
599 1415 776 1449 explentibus
799 1418 909 1441 exemta
930 1418 1003 1440 sunt.
1044 1413 1214 1449 Plerumque
1231 1412 1344 1448 quidem
1359 1412 1531 1447 exemplaria
1545 1412 1658 1438 adhibui
1674 1412 1783 1443 siccat-a,
1805 1411 1856 1438 sed

156 1462 335 1489 culiciformis
357 1467 386 1489 et
406 1463 635 1490 sormicaeformis
658 1464 740 1489 etiam
762 1472 859 1489 recens
882 1464 973 1489 occisa
993 1463 1147 1493 individua,
1170 1471 1225 1497 quo
1248 1470 1301 1488 ova
1322 1461 1410 1493 sicca,
1432 1461 1456 1487 si
1477 1465 1559 1488 antea
1580 1461 1691 1496 longius
1713 1469 1764 1495 per
1785 1464 1853 1487 tem-

156 1520 208 1545 pus
230 1511 258 1537 in
280 1511 380 1546 spiritu
401 1512 457 1538 vini
478 1513 571 1547 posita
592 1513 655 1543 sint,
677 1512 793 1538 formam
814 1512 966 1538 recentium
988 1513 1070 1546 plane
1092 1519 1258 1546 recuperare
1280 1510 1396 1536 edoctus
1418 1519 1487 1536 sum.
1530 1508 1652 1544 Spiritus
1673 1510 1729 1535 vini
1750 1509 1795 1535 hic
1816 1509 1855 1534 vi-

158 1559 241 1586 detur
263 1568 297 1586 ex
319 1560 384 1595 lege.
406 1561 580 1587 endosmosis
601 1570 653 1595 per
675 1561 720 1586 ovi
743 1560 960 1586 membranulam
982 1564 1130 1595 penetrare
1152 1567 1269 1594 eamque
1291 1559 1330 1584 sic
1351 1558 1518 1589 extendere,
1546 1562 1577 1584 ut
1597 1559 1692 1593 liquor
1713 1559 1759 1584 ovi
1778 1558 1855 1592 prius

157 1608 185 1633 in
207 1617 240 1634 ea
261 1612 407 1635 contentus
430 1610 609 1636 extendebat.
651 1610 782 1636 Attamen
804 1610 885 1643 plura
906 1618 1016 1644 semper
1038 1618 1091 1635 ova
1110 1608 1300 1639 inveniuntur,
1329 1616 1400 1642 quae
1426 1616 1482 1633 non
1503 1616 1599 1633 rursus
1621 1610 1799 1642 turgescunt,
1827 1605 1855 1631 id

159 1657 235 1691 quod
257 1657 440 1693 microseopio
462 1659 543 1685 facile
566 1659 717 1687 cernimus,
746 1659 822 1685 cuius
851 1659 961 1692 generis
989 1667 1041 1684 ova
1068 1657 1103 1683 ad
1129 1660 1252 1683 nostram
1274 1656 1536 1691 contemplationem
1563 1665 1618 1682 non
1640 1655 1763 1690 impendi
1791 1663 1854 1681 con-

158 1709 319 1732 sentaneum
340 1710 391 1732 est.

318 1754 357 1781 Ut
378 1755 535 1781 absolutam
556 1755 775 1790 magnitudinem
797 1755 895 1781 horum
917 1756 1063 1781 ovulorum
1085 1755 1239 1781 accuratius
1262 1755 1451 1788 explorarem,
1474 1758 1581 1779 certum
1603 1753 1741 1788 quendam
1762 1761 1855 1779 nume—

159 1812 220 1829 rum
242 1811 338 1829 eorum
360 1804 387 1829 in
408 1807 486 1830 recta
507 1804 642 1830 collocavi
663 1805 738 1831 linea
758 1809 842 1840 atque
864 1805 903 1830 ita
925 1804 1053 1839 quidem,
1081 1808 1113 1829 ut
1139 1812 1205 1830 axes
1232 1812 1375 1837 compares
1399 1802 1649 1837 (longitudinales)
1673 1802 1773 1828 finibus
1794 1810 1857 1828 sese

159 1851 351 1886 contingentes
373 1852 475 1878 lineam
496 1862 579 1887 quam
599 1853 717 1879 maxime
739 1857 851 1883 rect-am,
873 1862 923 1879 nec
944 1853 1058 1879 fractam
1080 1853 1256 1878 conficerent.
1301 1851 1386 1884 Quod
1408 1860 1492 1886 quum
1512 1860 1563 1885 per
1578 1850 1791 1885 microscopium
1811 1859 1857 1876 co-

160 1908 299 1935 gnossem,
322 1909 356 1926 ex
378 1909 506 1927 mensura
527 1902 614 1927 totius
637 1902 719 1928 seriei
741 1901 945 1937 longitudinem
967 1901 1047 1927 unius
1069 1902 1129 1927 axis
1151 1900 1225 1927 facili
1248 1901 1360 1935 negotio
1383 1904 1543 1935 computare
1565 1899 1654 1933 potui.

321 1949 406 1981 Quod
426 1958 512 1984 porro
534 1950 570 1975 ad
591 1959 643 1976 ova
664 1951 836 1985 papilionum
859 1950 1011 1976 secundum
1033 1958 1147 1976 acervos
1170 1958 1284 1975 ovorum
1307 1949 1357 1975 sub
1374 1949 1438 1975 divo
1460 1949 1587 1974 inventos
1609 1947 1796 1982 computanda
1817 1950 1856 1972 at-

161 1997 240 2028 tinet,
261 1997 326 2023 inde
348 1998 408 2023 sine
430 1998 516 2024 dubio
538 2008 678 2033 nunquam
700 2000 769 2025 certi
791 1999 942 2033 quidquam
965 1999 1059 2033 colligi
1080 2001 1183 2032 potest.
1214 1997 1285 2023 Nam
1306 1998 1373 2024 licet
1394 1998 1477 2023 etiam
1498 1997 1593 2031 plures
1615 1996 1670 2022 sint
1690 1995 1856 2030 papiliones,

162 2049 193 2070 ut
213 2046 340 2081 plerique
361 2047 527 2081 bombyceS,
556 2047 603 2082 qui
631 2051 728 2073 cuncta
755 2056 804 2073 sua
825 2056 877 2073 ova
898 2056 953 2073 uno
975 2047 1003 2072 in
1025 2048 1087 2073 loco
1111 2047 1252 2081 deponere
1273 2046 1429 2077 videantur,
1451 2045 1504 2072 hoc
1518 2050 1610 2072 tamen
1625 2053 1766 2079 nunquam
1780 2047 1856 2069 certo

162 2093 233 2120 scire
253 2103 410 2128 possumus,
433 2105 518 2130 quum
540 2095 574 2121 de
596 2095 740 2130 plerisque
761 2096 860 2122 ceteris
882 2095 1076 2130 lepidopteris,
1099 2096 1170 2121 sicut
1192 2095 1226 2121 de
1249 2095 1376 2120 omnibus
1402 2103 1491 2128 prope
1518 2093 1674 2128 sphingidis
1696 2096 1724 2119 et
1746 2092 1856 2127 potissi-

163 2151 236 2168 mum
258 2143 339 2169 etiam
361 2143 396 2170 de
418 2144 498 2170 sesiis
520 2144 674 2170 certissime
695 2148 813 2176 constat,
834 2144 949 2170 feminas
972 2153 1082 2178 semper
1102 2153 1187 2170 unum
1208 2143 1292 2170 modo
1314 2144 1359 2169 vel
1380 2143 1499 2177 paucula
1526 2150 1579 2168 ova
1599 2151 1654 2168 uno
1675 2142 1703 2167 in
1724 2142 1787 2167 loco
1809 2140 1856 2167 de-

162 2199 277 2224 ponere.
308 2190 340 2217 In
362 2193 475 2219 evoluta
495 2201 562 2219 vero
584 2193 727 2227 papilione
748 2193 851 2219 femina
871 2193 925 2219 iam
947 2201 1000 2218 ova
1015 2193 1107 2218 omnia
1122 2196 1242 2223 exstant,
1265 2201 1432 2227 quamquam
1451 2191 1502 2217 ina
1521 2191 1549 2216 in
1571 2191 1667 2225 primis
1689 2190 1770 2215 obvia
1791 2197 1856 2215 ova-

162 2239 268 2266 riorum
289 2240 414 2273 partibus
440 2241 540 2268 iustam
562 2241 780 2276 magnitudinem
801 2241 980 2276 coloremque
1001 2241 1124 2267 nondum
1145 2241 1247 2275 adepta
1267 2244 1347 2271 sunt,
1369 2240 1446 2275 quod
1465 2240 1495 2266 in
1515 2240 1549 2265 iis
1570 2237 1779 2265 considerandis
1802 2246 1857 2263 non

163 2288 441 2322 praetermittendum
468 2294 519 2315 est.
567 2289 718 2316 Numerum
745 2290 830 2325 igitur
857 2298 972 2315 ovorum
998 2290 1147 2324 papilionis
1179 2298 1320 2325 nunquam
1345 2297 1492 2324 possumus
1519 2288 1672 2314 accuratius
1699 2286 1856 2320 explorare,

166 2345 248 2371 quam
269 2345 302 2362 ea
323 2345 357 2362 ex
379 2337 525 2365 abdomine
546 2338 754 2365 individuorum
776 2347 810 2364 ex
831 2339 911 2364 larva
930 2338 1131 2372 productorum
1153 2338 1320 2369 eximentes,
1343 2346 1413 2373 quae
1436 2336 1558 2363 nondum
1580 2345 1632 2362 ova
1652 2334 1796 2369 peperisse
1816 2335 1856 2360 vi-

165 2384 264 2411 dimus.
297 2385 504 2419 Experimentis
526 2390 618 2413 autem
639 2387 749 2421 saepius
771 2387 905 2413 institutis
927 2387 1068 2422 cognitum
1089 2386 1188 2417 habeo,
1211 2386 1239 2412 in
1259 2386 1343 2412 variis
1365 2385 1515 2412 individuis
1537 2383 1660 2411 eiusdem
1683 2383 1785 2418 speciei
1807 2392 1857 2410 uu-

1631 2438 1641 2461 l
