2087 2777
961 133 1006 167 17

293 239 320 275 Q.
349 238 399 269 12.
448 236 615 268 Sesiarum
640 247 800 277 puparum
826 236 1055 279 cephalodzeca,
1091 247 1220 267 sursum
1252 247 1368 277 genere
1393 237 1536 279 quodam
1563 239 1643 269 sulci
1670 240 1832 271 obscuris-

135 296 207 327 simi
234 308 249 326 a
277 296 499 337 subsequente
523 292 758 324 thoracotheca
786 299 950 336 separata.
982 293 1073 324 cuius
1108 299 1231 335 partes,
1264 298 1299 324 nt
1324 294 1375 336 lig.
1402 295 1453 326 46.
1481 296 1638 334 ostendit,
1670 297 1701 327 in
1732 297 1832 329 latere

134 353 284 385 inferiore
309 351 498 395 promiscue
525 351 710 386 decurrunt,
736 350 823 381 larva
850 362 888 382 ex
914 362 999 393 pupa
1025 355 1229 394 prorepente.
1254 350 1301 381 uti
1327 350 1486 388 diximus⁷
1513 365 1529 383 a
1556 353 1670 385 ceteris
1696 353 1832 385 folliculi

135 423 240 454 pupae
264 409 409 453 partibus
435 420 538 451 paene
565 420 692 451 semper
718 420 852 451 prorsus
878 407 1003 451 integra
1023 407 1213 450 seiungitur.
1255 407 1412 439 Videmus
1431 410 1700 452 cephalothecam
1724 411 1832 442 formi-

135 468 306 500 caeformis
332 479 347 497 a
372 466 474 498 latere
497 466 649 497 inferiore
674 471 706 497 et
729 477 929 509 magnopere
954 465 1124 496 adauctam
1151 465 1181 496 in
1204 465 1258 508 fig.
1284 467 1347 503 47„
1380 466 1434 497 ubi
1462 472 1566 499 tamen
1591 468 1681 511 longi
1707 468 1833 499 inferio-

133 538 184 558 res
210 526 289 557 fines
315 524 485 555 thecarum
511 529 575 555 tam
602 529 813 555 antennarum
840 535 937 566 quam
962 523 1103 566 linguae.
1128 527 1158 553 ut
1189 522 1287 555 aiunt.
1315 523 1441 566 spiralis
1474 526 1704 565 (maxillarum)
1731 526 1832 569 gratia

135 582 234 616 demti
260 587 344 613 sunt.
394 582 548 625 Singulas
575 594 651 613 vero
679 580 934 624 cephalothecae
958 586 1077 624 partes,
1103 580 1215 623 quales
1242 580 1293 612 hic
1311 587 1510 623 compar-enh
1535 595 1620 614 nunc
1639 583 1832 627 descripturi

133 639 329 672 variationes
356 651 465 671 earum
492 639 523 670 in
549 639 789 682 expositionem
816 639 991 681 specialem
1016 639 1212 682 relegamus.
1259 638 1401 670 Maxime
1433 639 1537 670 antica
1568 653 1643 683 pars
1675 642 1834 684 superior,

134 698 165 729 in
190 698 243 741 lig.
269 698 321 729 47.
353 710 418 728 nou
450 697 645 740 conspicua.
676 697 707 728 in
739 698 865 728 duabus
896 696 1052 734 foveolis,
1083 708 1166 739 quac
1196 708 1257 727 una
1288 696 1394 728 media
1427 697 1621 740 duabusque
1646 698 1832 731 lateralibus

135 755 236 786 costis
261 755 452 788 formantur,
478 755 558 785 duas
584 754 634 785 vel
661 760 802 797 quatuor
825 755 886 785 fert
911 760 998 785 setas
1025 759 1053 785 et
1080 754 1177 797 plane
1202 759 1398 785 antrorsum.
1423 754 1528 797 magis
1555 755 1709 786 deorsum
1735 769 1832 799 quam

135 825 276 847 sursum,
302 812 332 843 in
360 812 508 843 striatum
533 823 728 854 processum
746 826 768 842 α
793 812 869 843 exit.
895 824 993 855 quem
1011 824 1071 843 nos
1087 823 1271 856 processmn
1287 812 1461 845 verticalem
1479 812 1692 855 appellemus.
1729 814 1834 856 [psam

133 875 258 913 partem
284 869 491 907 anteriorem,
517 869 610 900 cuius
637 870 722 900 latus
749 869 882 902 inferius
907 870 1003 901 nobis
1030 881 1049 901 a
1074 874 1307 912 repraesentat,
1333 870 1591 914 coryphothecam
1615 870 1833 905 nominemus,

134 928 288 970 quoniam
313 927 426 959 vertici
452 927 625 970 papilionis
652 927 793 960 maxime
820 927 979 970 congruit.
1026 927 1078 959 Dc
1104 927 1250 958 eiusdem
1282 927 1408 958 duabus
1439 927 1626 959 lateralibus
1653 928 1755 959 costis
1783 941 1832 959 su-

134 985 316 1028 perioribus
341 985 554 1028 longissimae
581 986 756 1016 decurrunt
787 985 996 1018 ceratothecae
1025 985 1053 1017 h.
1079 985 1118 1023 Ιι.,
1150 984 1268 1027 quibus
1300 990 1458 1016 antennae
1487 984 1633 1017 inclusae
1666 992 1752 1017 suut.
1799 987 1833 1018 ln

134 1043 233 1074 latere
258 1048 366 1074 autem
391 1043 540 1074 inferiore
566 1042 671 1085 magis
697 1048 930 1080 retroversam,
958 1043 1050 1074 sulco
1076 1047 1186 1085 aperte
1218 1042 1437 1081 terminatam,
1470 1043 1572 1074 ferme
1603 1043 1833 1087 triangularem

135 1105 259 1142 partem
284 1101 312 1133 b.
338 1100 507 1132 videmus.
539 1113 623 1143 quac
654 1100 866 1143 potissimum
896 1100 992 1131 fronti
1022 1099 1172 1143 imaginis
1200 1112 1343 1143 congrua
1370 1105 1434 1137 est,
1466 1100 1523 1131 sed
1555 1100 1624 1132 eius
1657 1101 1753 1132 etiam
1780 1102 1831 1133 vix

135 1157 350 1200 conspicuum
382 1158 533 1201 clypeum
564 1158 752 1201 labiumque
784 1158 933 1201 superius
966 1163 1106 1201 angusto
1140 1170 1200 1189 suo
1233 1157 1294 1188 line
1326 1157 1507 1200 posteriore
1537 1158 1718 1192 abscondit.
1774 1159 1833 1191 Cui

134 1216 215 1258 parti
240 1227 360 1247 nomen
384 1216 614 1260 metopolhecae
639 1217 765 1248 (lamus.
812 1218 1007 1248 Antrorsum
1032 1216 1092 1247 fcrt
1117 1215 1292 1258 utrobique
1318 1216 1398 1246 duas
1425 1221 1511 1247 setas
1545 1221 1643 1259 atque
1673 1216 1717 1247 ibi
1743 1229 1833 1248 exce—

134 1272 179 1303 dit
203 1272 233 1304 in
259 1273 364 1316 magis
391 1285 521 1305 sursum
548 1274 719 1312 directum,
745 1273 894 1305 striatum
919 1285 1112 1316 processum
1139 1278 1179 1313 β.,
1205 1285 1302 1316 quem
1320 1273 1443 1315 passim
1469 1273 1601 1304 omnino
1628 1273 1833 1306 deficientem

129 1341 313 1374 processum
335 1332 509 1375 frontalem
533 1331 702 1374 perbibere
727 1330 892 1362 volumus.
940 1330 1049 1371 Quum
1082 1330 1151 1368 hic,
1183 1336 1251 1362 tuin
1283 1343 1359 1362 vero
1384 1343 1562 1374 processus
1588 1331 1751 1363 verticalis
1778 1344 1832 1374 pu-

134 1399 208 1430 pam
234 1393 419 1420 extrorsum
444 1388 663 1431 perforantem
681 1388 814 1426 adiutat,
841 1393 939 1431 atque
963 1394 1100 1431 uterque
1124 1401 1183 1431 pro
1210 1389 1336 1420 diversa
1355 1388 1471 1420 duritie
1496 1388 1739 1420 involucrorum
1764 1401 1832 1432 per-

134 1446 387 1488 rumpendorum
414 1446 542 1478 diverse
567 1446 719 1478 evolutus
745 1446 883 1477 videtur.

293 1504 450 1535 Seorsum
477 1516 493 1535 a
519 1503 750 1546 metopotheca
777 1504 860 1535 duae
886 1508 1015 1535 exstant
1032 1516 1150 1547 parvae
1167 1503 1334 1547 portiones
1351 1504 1371 1536 i.
1390 1504 1421 1542 i.,
1448 1504 1508 1535 sub
1528 1504 1646 1547 quibus
1664 1505 1831 1537 mandibu-

134 1561 183 1592 lae
210 1561 313 1592 sesiae
339 1561 420 1593 sitae
447 1567 531 1599 sunt,
558 1566 757 1604 quapropter
783 1573 852 1600 eas,
885 1561 911 1592 si
944 1561 1076 1593 omuino
1106 1562 1237 1593 nomine
1267 1561 1490 1604 insigniendae
1515 1567 1607 1600 suut,
1634 1564 1832 1606 anaynatlzo-

134 1619 235 1652 thecas
251 1631 369 1650 vocare
394 1620 562 1651 debemus.
612 1618 775 1650 Omnibus
801 1624 909 1650 autem
935 1619 974 1650 ab
998 1619 1049 1650 his
1076 1619 1221 1663 partibus
1249 1631 1399 1650 seorsum
1423 1619 1563 1651 maiores
1590 1620 1830 1663 ophthalmolhe-

134 1688 187 1710 cae
211 1678 240 1710 d.
267 1677 295 1710 d.
321 1677 403 1709 sitae
428 1683 514 1715 sunt,
540 1689 623 1720 quae
648 1677 700 1707 hic
725 1688 789 1708 non
815 1677 903 1709 item.
927 1682 963 1708 ut
989 1678 1074 1719 apud
1100 1682 1233 1709 cunctas
1259 1676 1324 1707 fere
1340 1688 1444 1719 pupas
1464 1681 1598 1715 ceteras,
1625 1690 1735 1709 arcum
1753 1678 1831 1721 oph-

133 1734 376 1766 thalmothecae
402 1736 597 1778 (Speyer)
624 1740 801 1766 ostentant.
850 1735 896 1765 Ad
923 1734 1055 1766 easdem
1081 1734 1254 1766 discedunt
1278 1735 1433 1766 deorsum
1457 1734 1529 1766 basi
1554 1734 1617 1766 lata
1642 1735 1831 1775 instructae,

134 1793 216 1824 duae
240 1792 369 1836 longae7
395 1792 550 1824 continuo
578 1792 639 1823 sibi
664 1792 962 1835 appropinquantes
988 1792 1154 1835 portiones
1178 1794 1202 1836 f.
1226 1793 1261 1835 f„
1292 1791 1410 1835 quibus
1435 1791 1560 1835 lingua,
1594 1804 1677 1835 quae
1702 1792 1829 1832 dicitur,

135 1849 262 1893 spii-alis
295 1849 464 1889 (maxillae
494 1850 683 1894 elongatae)
716 1849 910 1893 contegitur.
958 1849 1025 1881 Has
1056 1849 1154 1893 igitur
1185 1850 1265 1880 duas
1291 1849 1475 1892 portiones,
1505 1849 1697 1892 praesertim
1729 1862 1831 1893 quum

134 1908 219 1951 apud
243 1907 417 1939 nonnullas
442 1907 547 1939 larvas
574 1907 686 1939 statim
710 1919 815 1951 usque
841 1920 856 1938 a
883 1907 953 1939 basi
979 1919 1036 1939 sua
1053 1907 1201 1950 proxime
1226 1906 1286 1938 sibi
1312 1906 1393 1938 sitae
1411 1906 1486 1945 sint,
1510 1912 1678 1950 tamquam
1703 1907 1829 1951 glosso—

134 1965 264 1997 thecam
288 1965 415 2009 Kirby
441 1966 633 2009 complexus
660 1971 719 1997 est.
766 1966 887 1997 Verum
917 1970 1135 2008 posteaquam
1165 1964 1210 1998 Ill.
1236 1964 1421 2007 Savigny
1450 1964 1632 1996 luculenter
1663 1976 1829 1997 common-

136 2023 259 2061 stravit,
284 2023 381 2055 istam
406 2023 552 2067 linguam
578 2023 730 2066 spii-alem
754 2022 1032 2065 lepidopterorum
1051 2022 1259 2054 solummodo
1285 2022 1452 2065 elongatas
1473 2021 1610 2053 aliorum
1626 2021 1828 2054 insectorum

136 2081 283 2113 maxillas
309 2093 384 2113 esse
409 2093 446 2112 ac
470 2086 637 2124 praeterea
669 2080 782 2123 utique
813 2079 1010 2123 peculiarem
1043 2080 1187 2124 linguam
1220 2085 1363 2117 exstare,
1396 2079 1476 2111 duas
1507 2078 1579 2111 illas
1604 2079 1772 2122 portiones
1797 2080 1827 2111 in

136 2137 251 2170 litteris
277 2150 341 2169 non
367 2138 507 2182 amplius
534 2138 687 2182 linguam,
714 2138 772 2170 sed
798 2137 907 2181 potius
932 2137 1080 2169 maxillas
1107 2136 1275 2178 (maxillas
1301 2136 1489 2179 elongatas)
1514 2149 1634 2169 vocare
1660 2138 1826 2176 debemus,

137 2195 402 2238 quandoquidem
426 2196 506 2228 nihil
532 2196 670 2239 amplius
697 2201 781 2229 sunt.
830 2196 900 2236 Qua
927 2196 1040 2227 eadem
1066 2195 1105 2226 de
1130 2206 1228 2226 causa
1252 2199 1360 2237 partes
1391 2206 1523 2238 quoque
1546 2206 1667 2238 pupam
1692 2194 1826 2226 circum-

137 2254 251 2284 dantes
276 2265 340 2285 non
366 2254 504 2298 amplius
530 2253 774 2299 glossothecam
800 2265 987 2296 nuncupare
1010 2252 1096 2291 licet,
1123 2253 1180 2285 sed
1201 2252 1332 2284 nomine
1348 2252 1641 2296 cataqnatholhecae
1657 2249 1828 2295 designare

138 2311 306 2343 debemus.
354 2311 423 2343 Sub
447 2312 522 2344 latis
550 2312 618 2344 eius
643 2311 788 2354 partibus
814 2310 980 2342 basalibus
998 2310 1122 2353 primus
1148 2309 1303 2342 articulus
1330 2323 1403 2342 cum
1420 2310 1518 2354 palpo
1535 2308 1703 2347 maxillari,
1729 2320 1826 2352 quem

138 2369 247 2413 imago
271 2368 441 2400 minimum
465 2369 573 2408 habet,
601 2369 683 2401 situs
709 2374 769 2401 est.
817 2368 909 2409 Quae
938 2367 1064 2399 duabus
1096 2366 1241 2410 partibus
1271 2367 1491 2400 maxillaribus
1522 2366 1690 2399 interiacet
1718 2365 1826 2408 portio

137 2426 253 2465 media,
279 2437 315 2458 ea
340 2426 505 2469 posterius
533 2427 625 2459 sulco
642 2425 870 2470 longitudinali
893 2425 925 2457 in
943 2426 1023 2457 duas
1041 2424 1194 2457 dividitur
1216 2431 1324 2468 partes
1341 2438 1370 2470 q.
1386 2437 1425 2470 9.,
1451 2436 1534 2468 quae
1550 2423 1657 2456 minus
1676 2422 1826 2467 cognitae

1598 2484 1614 2508 3
