2087 2777
1039 111 1089 146 56

219 234 313 264 supra
339 221 368 252 2.
393 221 422 252 4.
447 220 476 250 G.
502 219 566 250 sere
591 217 668 248 totis
695 215 812 256 ssavis),
839 213 1016 257 segmentis
1043 213 1072 244 2.
1098 213 1127 244 4.
1154 212 1183 245 6.
1210 223 1307 254 supra
1334 210 1480 255 margine
1506 210 1704 253 posteriore,
1730 211 1837 250 tenui,
1865 211 1918 242 ssa-

218 283 371 311 vescente
397 277 465 308 sive
491 281 652 307 crctacco:
679 273 836 305 fasciculo
864 270 1023 303 terminali
1048 269 1159 312 nigro,
1191 268 1301 312 strigis
1328 269 1455 301 duabus
1481 268 1669 300 lateralibus
1697 267 1741 310 (in
1767 277 1790 303 d*
1819 269 1919 300 etiam

218 336 317 379 strIga
343 334 447 366 media
474 334 549 373 lata)
576 331 754 374 lobnloquc
780 329 928 361 inferiore
954 328 1046 360 ssavis
1073 325 1206 367 (luteis),

378 393 483 425 Larisa
508 391 587 421 duas
614 389 709 420 babet
736 387 966 425 hiemationcs,
998 385 1030 416 in
1054 384 1218 416 radicibus
1245 383 1443 427 euphorbiae
1469 384 1668 428 Cyparissiae
1694 383 1859 420 residens,
1886 384 1918 415 in

217 463 298 494 quas
324 463 340 481 a
366 449 471 491 scapis
498 448 566 479 cius
593 445 795 478 mortificatis
822 443 954 475 invadit.
1002 443 1199 484 Plerumque
1223 440 1254 472 in
1279 441 1342 473 fine
1367 442 1456 485 scapi
1482 442 1668 473 mortificati
1694 454 1798 485 genus
1824 441 1920 473 valde

217 508 357 551 elongati
382 506 526 543 folliculi,
552 503 791 547 longitudinem
817 501 920 544 ipsius
947 501 1020 544 plns
1046 512 1143 543 quam
1169 499 1268 542 duplo
1295 498 1480 541 superantis
1513 499 1575 530 sibi
1606 505 1757 543 apparat,
1789 499 1821 531 in
1853 511 1919 543 quo

219 565 346 597 circiter
371 575 482 595 mense
508 562 598 594 lunio
624 561 654 592 in
680 572 800 603 pupam
827 557 1037 591 convertitur,

198 635 207 650 r
373 622 464 664 Papa
489 620 581 657 tlava,
607 630 765 661 processu
790 615 936 648 verticali
962 615 1054 658 palae
1078 613 1186 646 brevis
1207 614 1351 657 speciem
1368 614 1435 646 fere
1453 614 1640 657 praebente,
1663 615 1794 647 frontali
1820 615 1921 648 nullo.

215 678 508 721 Metapodotbccae
531 677 584 708 tini
609 688 715 720 pupae
740 673 914 717 posteriori
937 673 1077 704 maxime
1095 671 1355 715 approximatae:
1382 684 1462 715 quas
1482 677 1675 715 sequuntur⁷
1701 674 1807 717 spatio
1833 674 1920 705 haud

216 737 304 768 brevi
329 736 526 773 intermisso,
552 732 854 777 mesopodotbeeae
879 737 978 774 atque
1002 731 1224 774 pterothccae,
1250 729 1332 761 inter
1358 742 1393 762 se
1416 730 1484 762 fere
1510 730 1630 774 pariter
1655 730 1825 771 distantes,
1851 737 1922 763 tum

217 795 323 837 spatio
355 793 443 825 brevi
469 791 782 836 catagnatbotbecae
813 795 843 821 ct
875 789 1118 827 ceratotbecae,
1148 788 1231 820 inter
1263 800 1299 819 se
1329 788 1481 831 aequales
1514 788 1654 832 denique
1685 789 1791 832 spatio
1821 790 1921 833 longo

218 852 491 896 propodotlievae.
533 849 788 882 Gastcrothecae
814 853 982 891 segmenta
1009 847 1115 879 3-7.
1142 846 1173 877 in
1198 855 1233 883 0³,
1258 846 1366 878 3-6.
1392 845 1423 877 in
1448 856 1466 881 9.
1490 846 1696 878 adminiculis
1723 847 1852 880 duobus
1878 848 1922 879 in-

217 916 354 942 structa:
378 920 555 953 processus
581 907 689 939 anales
716 912 747 938 et
773 918 869 949 supra
896 911 927 937 et
952 905 1030 936 infra
1058 909 1207 948 quatuor,

375 967 503 1010 Imaqo,
540 966 623 1009 apud
660 976 720 996 nos
756 976 822 996 non
853 976 938 1002 rara,
975 962 1007 994 in
1038 963 1146 994 lucem
1177 961 1286 1005 prodit
1317 967 1457 994 exeunte
1488 973 1601 994 mense
1633 962 1725 994 Iunio
1750 974 1858 1006 usque
1883 963 1922 994 ad

224 1027 418 1068 Augustum.

822 1080 871 1112 13.
917 1076 1320 1110 PHILANTHIFORMIS

430 1141 512 1175 Lasp.
537 1141 566 1174 (l.
583 1150 605 1166 e.
628 1150 690 1175 pag.
715 1140 784 1173 31.>,
808 1138 922 1170 Oehsh.,
944 1138 1042 1163 Boisd.
1066 1153 1101 1156 —
1125 1136 1437 1169 MUSCAEFORMIS,
1459 1138 1561 1172 Espcr,
1584 1138 1709 1173 Vieweg.

975 1194 1162 1237 Diaynosis.

378 1255 480 1286 Frons
505 1253 605 1285 nitide
630 1252 907 1296 caeruleo-nigra,
932 1251 1037 1283 lituris
1065 1251 1191 1282 duabus
1217 1256 1291 1283 ante
1317 1250 1433 1283 oculos
1452 1251 1621 1284 cretaeeis.
1658 1252 1826 1284 Antennae
1852 1265 1922 1284 cae-

220 1312 458 1356 rulco-nigrae,
484 1311 515 1342 in
539 1320 557 1345 ρ
579 1312 705 1354 apicem
734 1322 850 1342 versus
882 1309 1009 1341 macula
1040 1321 1154 1352 parva,
1187 1308 1275 1347 alba,
1306 1309 1337 1340 in
1368 1318 1391 1344 d*
1423 1309 1576 1341 dentibus
1608 1310 1722 1342 aculeo
1752 1310 1921 1342 instructis

222 1370 387 1413 (fig.17.).
436 1369 526 1412 l'alpi
559 1369 637 1407 albi,
676 1373 769 1400 extus
808 1367 966 1410 apiceque
1000 1367 1206 1410 nigricantes.
1262 1367 1432 1399 Abdomen
1463 1367 1787 1411 caeruleo-nigrum,
1825 1381 1923 1412 supra

221 1440 317 1471 parce
341 1427 458 1459 ssavido
485 1439 711 1470 conspersum,
737 1425 916 1469 segmentis
944 1426 971 1459 2,
997 1426 1024 1457 4.
1050 1425 1077 1459 6.
1106 1424 1150 1465 (in
1176 1434 1199 1460 ὅ·
1226 1424 1323 1457 etiam
1349 1425 1479 1468 saepius
1499 1426 1528 1458 3.
1546 1427 1576 1458 5.
1596 1427 1640 1466 7.)
1665 1426 1794 1469 postice
1819 1426 1922 1458 tenui-

220 1491 269 1517 ter
295 1485 388 1517 niveo
413 1485 590 1516 annulatis:
620 1484 796 1516 fasciculus
830 1483 1007 1515 terminalis
1039 1483 1146 1526 niger,
1178 1483 1287 1526 strigis
1315 1483 1454 1521 duabus,
1479 1483 1682 1522 lateralibus,
1711 1483 1843 1516 sordide
1868 1484 1923 1515 ssa-

222 1543 445 1575 vescentibus.

974 1599 1166 1643 Descriptio.

379 1658 571 1702 Magnitudo
597 1667 620 1693 0¹
647 1658 887 1696 :lssm'n—23mm,
912 1667 930 1692 Ω
956 1659 1196 1690 14’“’“--1’7’“”’.

380 1716 501 1747 Vertex
525 1715 801 1757 caerulewniger,
827 1715 956 1758 postice
980 1714 1054 1758 pilis
1081 1714 1206 1747 croceis
1232 1715 1366 1746 mixtus.
1413 1714 1516 1746 Frons
1543 1715 1827 1759 caeruleo-nigra,
1859 1727 1923 1747 me-

223 1773 328 1805 tallice
354 1773 540 1817 splendens,
565 1772 670 1804 lituris
697 1773 822 1804 duabus
849 1778 922 1805 ante
948 1773 1063 1805 oculos
1091 1772 1247 1804 cretaceis
1274 1771 1394 1814 (albis).
1436 1772 1533 1804 Oculi
1558 1772 1773 1817 fusco-nigri.
1808 1773 1922 1816 Margo

225 1831 338 1874 capitis
362 1830 525 1874 posterior
555 1842 702 1862 croceus.
750 1832 918 1862 Antennae
947 1831 1091 1863 articulis
1122 1832 1163 1863 45
1198 1829 1419 1873 compositae,
1450 1830 1755 1875 caeruleo-nigrae,
1786 1831 1922 1862 articulo

224 1889 327 1920 basali
350 1888 428 1919 inl'ra
455 1888 661 1926 flavescente,
686 1888 717 1920 in
743 1898 760 1923 Ω
785 1888 910 1932 apicem
940 1900 1055 1920 versus
1087 1900 1183 1931 supra
1216 1887 1362 1932 squamis
1388 1888 1502 1932 paucis
1528 1888 1626 1927 albis,
1657 1888 1821 1921 maculam
1847 1900 1923 1920 con-

225 1946 449 1984 sormantilms,
474 1945 594 1985 mixtis,
620 1946 651 1978 in
676 1956 699 1982 d*
725 1947 876 1978 dentibus
903 1947 1016 1978 aculeo
1042 1946 1220 1980 instructis.
1269 1945 1361 1989 Palpi
1387 1946 1451 1978 albi
1476 1946 1617 1988 (nivei),
1644 1952 1738 1979 extus
1765 1946 1924 1990 apieeqne

225 2002 432 2047 nigricanteS.

382 2059 562 2092 Prothoi-ax
589 2061 783 2094 nitidissime
809 2062 1093 2106 caeruleo—niger,
1122 2062 1201 2094 insra
1233 2062 1349 2095 ssavus.
1395 2061 1611 2094 Mesothorax
1644 2061 1923 2106 caeruleo-niger,

227 2129 322 2160 snpra
348 2116 429 2149 linea
455 2118 556 2150 media
583 2120 673 2159 flava,
699 2120 779 2152 infra
803 2120 940 2152 maculis
966 2120 1092 2152 duabus
1117 2120 1305 2153 lateralibus
1324 2119 1452 2159 antieis,
1477 2119 1741 2152 flavescentibus.
1779 2119 1924 2164 Tegulae

227 2174 523 2218 caeruleo-nigrae,
549 2177 690 2219 margine
714 2177 876 2216 interiore,
901 2177 977 2215 lato,
1004 2178 1201 2221 lobuloque,
1234 2178 1294 2210 sub
1319 2177 1386 2209 alas
1412 2178 1539 2221 posito,
1564 2177 1668 2209 ssavis.
1715 2177 1924 2209 Metathorax

226 2232 449 2275 fusco-niger,
475 2245 570 2276 snpra
597 2235 740 2277 squamis
766 2235 857 2267 ssavis
884 2235 1035 2279 utrinque
1058 2235 1132 2278 pilis
1158 2235 1277 2279 longis,
1302 2235 1557 2267 flavescentibus
1584 2235 1636 2267 vel
1662 2235 1763 2274 canis,
1789 2235 1924 2268 mixtus.

385 2290 464 2322 Alae
488 2291 621 2330 anticae,
646 2293 792 2335 partibus
818 2293 1010 2337 squamatis,
1034 2293 1283 2337 fusco-nigrae,
1314 2293 1388 2336 plus
1420 2293 1571 2325 minusve
1596 2298 1745 2325 cretaceo
1771 2305 1923 2336 consper-

230 2359 293 2385 sae,
319 2347 418 2379 fascia
445 2348 602 2380 terminali
627 2351 760 2382 maculis
786 2351 909 2394 paucis,
935 2351 1202 2390 cnneiformibus,
1227 2351 1396 2390 cretaceis,
1421 2356 1545 2390 ornata,
1570 2350 1650 2383 infra
1672 2363 1778 2395 usque
1802 2351 1842 2382 ad
1858 2362 1923 2382 me—

230 2404 319 2436 dium
342 2405 567 2438 flavescentes.
615 2407 727 2439 Fascia
753 2408 856 2440 media
881 2409 1048 2441 latissima.
1096 2410 1176 2441 Area
1207 2408 1452 2453 longitudinalis
1485 2421 1582 2452 saepe
1613 2409 1700 2441 nulla
1733 2408 1923 2452 (praecipue
