2087 2777
1045 117 1096 152 42

828 326 868 359 ,2,
916 322 1298 355 LAPHRIAEFORMIS

381 397 553 425 'l'r‹›it>c}1ke.
576 395 692 422 Hiibner
715 394 888 429 (Samniluug
911 392 1108 427 europiiiseher
1130 391 1372 426 Schmetterlinge,
1395 393 1442 427 fig.
1469 393 1531 418 156.
1556 393 1640 426 ma),
1663 392 1760 419 Boisd.

977 492 1164 535 Diaynosis.

381 568 483 599 Frons
515 564 797 609 chalybeo—uigra,
845 564 1012 594 Antennae
1043 562 1264 595 aurantiacae:
1300 562 1440 594 lamellis
1471 562 1503 594 in
1534 573 1557 598 d·
1582 564 1676 596 basin
1705 564 1801 607 triplo
1834 568 1921 595 certe

225 625 452 669 superantibus
477 626 543 669 (fig.
570 626 644 665 11.).
695 622 823 653 Alarum
849 621 1029 652 anticarum
1053 620 1193 652 latitudo
1219 622 1259 653 ad
1284 620 1523 664 longitudinem
1549 626 1584 653 ut
1611 623 1625 654 1
1646 634 1652 652 :
1671 623 1727 661 422.

976 724 1168 768 Descriptio.

384 798 576 842 Magnitudo
602 807 625 832 (ς’
650 797 688 828 31
700 803 753 833 “¹¹⁰2
778 803 796 829 Ω
813 795 910 827 38“““.

383 856 501 888 vortex
527 853 803 895 caeruleo-niger,
828 852 934 884 antice
960 852 1104 885 citrinus.
1152 853 1266 896 Margo
1292 852 1408 895 capitis
1434 852 1608 895 posterior,
1633 857 1711 895 post
1735 852 1850 884 oculos
1875 852 1918 895 pi-

224 918 421 953 losissimus,
447 914 592 946 citrinus.
639 913 741 944 Frons
768 910 1057 954 chalyben-nigra.
1107 909 1204 942 Oculi
1235 910 1532 955 fidiginoso-nigri,
1582 912 1750 942 Antennae
1775 909 1920 942 articulis

221 978 263 1009 52
290 973 502 1017 compositae,
529 970 742 1008 aiu-antiacac,
769 975 864 1001 extus
890 968 961 1000 basi
986 968 1089 1000 flavae
1115 972 1233 1011 (supra
1258 968 1355 1000 finem
1381 980 1497 1001 versus
1523 969 1554 1000 in
1579 978 1597 1003 Ω
1619 968 1847 1012 ηἰςιῆςῑιιιίθε),
1874 979 1921 1000 se-

223 1034 262 1065 tis
288 1031 465 1076 apic-:ilibus
492 1029 593 1061 ssavis.
641 1027 731 1071 Palpi
758 1027 827 1059 basi
852 1026 1066 1070 fusco-nigri,
1092 1026 1200 1058 medio
1227 1025 1334 1058 citrini
1361 1026 1462 1066 (intus
1487 1026 1720 1070 fusco-nigri),
1753 1025 1846 1068 apice
1873 1038 1920 1057 sa-

222 1090 358 1123 turatius
385 1087 498 1121 citrini.

378 1145 559 1178 Prothorax
585 1142 684 1175 nitide
708 1142 986 1185 caerulco-niger,
1018 1142 1098 1173 infra
1132 1142 1285 1186 utrinque
1317 1142 1463 1175 citi-inus.
1511 1141 1726 1174 Mesothorax
1750 1141 1920 1173 fusco-ni-

220 1218 285 1249 ger,
310 1204 389 1236 infra
415 1201 551 1235 maculis
578 1202 704 1232 duabus
730 1200 868 1244 maguis,
893 1200 1091 1238 lateralibus,
1117 1200 1219 1235 ssavis.
1259 1200 1405 1245 Tegulae
1429 1199 1670 1244 nigro-fuscae,
1696 1199 1844 1243 margine
1869 1211 1922 1231 an-

221 1264 337 1296 teriore
362 1267 459 1305 atque
484 1259 634 1292 interiore
658 1258 784 1302 postice
810 1257 925 1299 (rarius
952 1257 1049 1290 etiam
1074 1258 1193 1300 antice)
1219 1258 1346 1291 citrino.
1394 1257 1603 1290 Metathorax
1627 1257 1851 1301 fusco-niger,
1876 1257 1921 1301 pi-

220 1322 259 1353 lis
285 1319 538 1353 flavescentibus
564 1317 696 1349 mixtus.

379 1377 456 1409 Alae
481 1376 606 1407 anticae
632 1374 886 1417 subpellucidae,
913 1387 1011 1418 supra
1037 1374 1348 1406 aurantiaco-fusco
1375 1380 1578 1417 squamatae,
1603 1373 1674 1405 basi
1700 1373 1921 1406 caeruleo—ni-

221 1449 314 1481 grae,
348 1441 469 1479 puncto
500 1433 607 1466 antico
638 1433 738 1464 flavo:
768 1432 847 1464 infra
878 1432 1214 1475 sulphureo-fuscae,
1247 1438 1339 1465 costa
1371 1438 1558 1465 transversa
1589 1431 1695 1463 antice
1726 1431 1922 1466 aurantiaca.

224 1497 303 1528 Alae
327 1493 473 1538 posticae
498 1491 600 1524 costis
626 1490 775 1534 lineaque
800 1490 932 1529 limbali,
959 1490 1100 1523 tenuiter
1125 1490 1331 1529 aurantiucis,
1357 1491 1431 1534 plus
1457 1490 1608 1522 minusve
1633 1489 1817 1522 infuscatis.

383 1552 493 1583 Coxae
522 1548 817 1593 caeruleomigrae,
844 1548 970 1580 anticae
986 1548 1067 1587 basi,
1093 1549 1243 1592 posticae
1259 1548 1356 1581 finem
1372 1561 1489 1581 versus
1508 1548 1622 1580 flavae.
1657 1548 1793 1580 Femora
1811 1548 1920 1580 fusco-

221 1612 321 1655 nigra,
346 1610 424 1641 infra
450 1607 647 1651 marginibus
673 1607 880 1639 θυι-1111113615.
929 1606 1043 1639 Tibiae
1068 1607 1286 1645 aurantiacae,
1312 1607 1438 1639 anticae
1462 1607 1558 1639 finem
1583 1619 1700 1639 versus
1725 1606 1920 1644 infuscatae,

220 1668 419 1713 posteriores
445 1666 624 1699 calcaribus
650 1665 750 1699 ssavis.
800 1664 894 1697 Tarsi
920 1664 1107 1704 aurantiaci,
1131 1665 1212 1697 infra
1238 1670 1270 1697 et
1293 1665 1391 1697 finem
1415 1677 1530 1697 versus
1556 1665 1793 1697 fuscescentes.

380 1725 549 1756 Abdomen
582 1723 902 1767 caeruleo-nigrum,
935 1723 1114 1767 segmentis
1145 1725 1173 1758 2.
1207 1725 1236 1757 3.
1267 1725 1297 1756 4.
1322 1723 1443 1762 antico,
1475 1725 1504 1757 5.
1530 1724 1559 1756 6.
1591 1723 1642 1765 (111
1668 1732 1691 1758 0²·
1717 1734 1851 1767 quoque
1877 1723 1918 1763 7.)

223 1783 347 1827 postico
372 1781 506 1819 citrinis,
533 1785 701 1823 segmento
728 1781 757 1813 ’7.
782 1780 814 1811 111
834 1790 867 1820 Ω,
893 1782 922 1814 8.
948 1781 979 1813 111
1005 1790 1028 1815 ὀ·
1054 1794 1152 1825 supra
1178 1781 1305 1821 citrino,
1331 1781 1411 1813 infra
1436 1782 1540 1815 fusca

378 1841 486 1873 Larua
510 1839 591 1870 duas
618 1838 733 1870 saltem
758 1838 846 1870 subit
870 1839 1087 1872 hiemationes
1119 1846 1217 1884 atque
1246 1840 1278 1872 in
1303 1839 1418 1883 populi
1443 1839 1601 1871 tremulae
1632 1839 1756 1872 truncis
1781 1839 1919 1877 victitat,

222 1898 401 1930 folliculum
426 1896 592 1939 apiformis
619 1896 759 1928 similem
783 1896 970 1931 conficiens,

379 1957 501 1999 Ιτηαῃο,
526 1954 691 1987 rarissima
716 1955 747 1987 iu
772 1955 879 1987 lucem
905 1955 1014 1999 prodit
1038 1968 1149 1988 mense
1175 1956 1261 1988 Maio
1287 1956 1341 1988 vel
1365 1955 1466 1990 Iunio.

378 2014 465 2045 Haec
491 2013 574 2045 sesia
600 2013 717 2045 abhinc
743 2026 845 2045 anuos
870 2014 970 2046 ferme
994 2014 1109 2057 viginti
1136 2020 1261 2057 septem
1287 2027 1303 2046 a
1330 2015 1425 2046 beato
1450 2014 1675 2046 Kirchnero
1701 2025 1803 2056 prope
1820 2012 1919 2045 Bero-

223 2071 322 2103 linum
348 2072 471 2103 dvlci-la
498 2077 557 2109 est,
583 2071 638 2114 qui
664 2084 814 2115 magnam
841 2072 909 2103 eius
937 2072 1057 2115 speciei
1083 2073 1212 2116 copiam
1239 2084 1277 2105 ex
1302 2073 1391 2104 larva
1418 2072 1581 2116 produxit,
1627 2072 1754 2103 Exinde
1778 2084 1843 2103 uon
1869 2084 1919 2103 so-

223 2130 290 2161 lum
315 2129 378 2161 hoc
403 2129 488 2167 loco,
513 2142 623 2160 verum
649 2130 745 2161 etiam
771 2130 855 2172 apud
881 2131 1077 2162 Scdinum
1103 2131 1232 2163 inventa
1259 2136 1319 2169 est,
1347 2131 1404 2162 sed
1431 2142 1559 2173 semper
1577 2129 1753 2169 rarissime,
1778 2142 1837 2162 nec
1863 2142 1918 2161 un-

224 2199 320 2230 quam
346 2187 376 2219 in
402 2187 538 2230 pristino
565 2199 623 2218 suo
650 2193 746 2221 statu.
