2087 2777
994 105 1017 139 5

313 208 355 239 At
382 207 562 240 secundum
588 207 707 245 locum,
734 218 831 250 quem
856 207 983 239 litterae
1006 208 1104 240 hodie
1130 214 1250 247 tenent,
1276 209 1389 253 utique
1405 209 1511 253 magis
1538 211 1733 243 conveniens
1752 212 1857 244 videa—

154 272 216 304 tur,
243 278 355 309 puram
380 265 551 298 veritatem
576 264 789 296 uniformitati
814 264 1023 297 harmonicae
1047 266 1223 304 anteferre,
1255 266 1408 309 quocirca
1440 278 1553 299 erucas
1578 267 1858 312 lepidopterorum

154 335 219 355 non
245 323 384 367 amplius
409 322 520 365 inique
543 322 740 354 tractandas,
767 323 824 353 sed
850 328 966 354 trunco
992 334 1103 354 earum
1129 324 1259 355 tandem
1283 324 1449 363 tredecim,
1475 337 1558 368 quae
1583 337 1692 357 revera
1719 333 1857 367 exstent,

156 387 325 424 segmenta
359 379 568 412 concedenda
600 378 803 410 arbitramur.
852 380 944 420 Quae
976 380 1132 411 tredecim
1167 385 1335 423 segmenta
1369 381 1465 412 etiam
1496 382 1527 413 in
1553 395 1637 426 pupa
1662 383 1859 424 invenimus,

155 439 211 470 ubi
236 452 251 469 a
279 438 333 470 Cl.
358 436 554 480 Speyeris
587 436 811 468 animadversa
844 443 937 473 sunt;
969 438 1026 469 sed
1058 437 1110 469 vel
1139 437 1172 469 hi
1202 437 1261 469 viri
1288 438 1377 470 docti
1408 440 1472 470 duo
1498 446 1663 482 postrema
1690 449 1857 485 segmenta

154 508 213 539 pro
240 494 435 527 duodecimo
462 494 590 532 ducere,
616 494 714 537 idque
738 494 837 538 igitur
862 499 1028 538 tamquam
1054 507 1093 526 ex
1109 495 1257 538 partibus
1283 496 1409 527 duabus
1429 498 1651 540 compositum
1675 499 1859 532 describere

154 554 347 585 maluerunt.
388 552 473 593 Quin
499 551 628 583 facilem
654 552 751 583 etiam
776 552 808 583 in
833 553 968 584 modum
994 558 1035 591 et,
1060 558 1093 584 ut
1122 552 1304 596 opinamur,
1331 553 1400 585 sine
1425 555 1592 586 recondita
1611 557 1803 600 quaestione
1828 558 1859 589 in

154 611 227 654 ipso
253 610 379 641 insecto
404 610 549 652 perfecto
575 610 656 641 haec
682 610 839 641 tredecim
866 616 1034 654 segmenta
1061 610 1286 642 demonstrare
1311 611 1407 643 nobis
1432 612 1547 653 licet.⁸)

313 667 377 698 Ista
403 673 512 700 autem
537 668 643 699 trunci
670 674 838 711 segmenta
863 668 1021 699 tredecim
1051 667 1082 699 in
1115 668 1219 700 erucis
1253 668 1412 701 sesiarum
1445 671 1625 702 secundum
1656 672 1859 714 gravitatem,

154 737 252 768 quam
278 725 472 769 plerumque
496 725 695 768 quibusdam
721 726 851 768 organis
877 725 1017 757 ferendis
1045 725 1207 763 obtinent,
1234 726 1284 758 vel
1309 726 1382 769 plus
1407 727 1459 758 vel
1484 727 1592 759 minus
1619 730 1745 761 exculta
1773 737 1858 763 sunt.

154 782 267 814 Trium
294 782 473 826 primorum
500 788 746 826 segmentorum
772 784 928 826 quodque
953 795 1009 826 par
1033 784 1154 827 pedum
1178 784 1396 815 membratum
1421 784 1499 823 fert,
1524 786 1625 828 pedes
1653 787 1726 818 dico
1751 800 1859 828 veros,

155 852 192 871 ac
223 845 388 883 praeterea
418 840 559 883 primum
591 840 766 884 utrobique
799 841 927 884 stigma.
981 841 1069 872 Idem
1100 841 1210 884 itaque
1240 841 1376 873 alterum
1406 843 1608 887 tertiumque
1638 845 1861 888 magnitudine

155 903 287 941 superat
313 903 411 941 atque
434 897 568 940 insuper
593 911 609 929 a
637 904 728 942 tergo
755 904 922 942 tamquam
949 899 1123 930 scutellum
1141 899 1299 931 cervicale
1317 912 1472 931 corneum
1491 907 1550 935 est,
1576 901 1607 933 id
1633 903 1722 945 quod
1748 915 1764 934 a
1790 916 1860 946 pro-

155 956 301 987 motione
326 961 357 987 et
382 955 595 998 propulsione
622 969 791 988 erucarum
818 956 848 988 in
875 956 1023 999 angustis
1051 956 1118 987 suis
1145 956 1321 988 domiciliis
1347 958 1448 1000 repeti
1475 959 1582 991 debet.
1627 960 1738 1001 Quum
1765 961 1861 992 etiam

156 1014 221 1045 duo
250 1018 417 1057 segmenta
450 1013 619 1056 sequentia
651 1026 755 1058 aeque
785 1027 822 1046 ac
852 1014 992 1057 primum
1023 1014 1162 1057 propriis
1194 1015 1355 1047 musculis
1380 1016 1581 1058 promotioni
1607 1017 1860 1050 inservientibus

154 1071 311 1103 instructa
339 1070 414 1109 sint,
438 1071 486 1102 uti
511 1071 697 1114 Lyonnet
720 1072 752 1103 in
779 1084 873 1103 eruca
901 1071 989 1103 cossi
1013 1071 1214 1115 ligniperdae
1240 1073 1492 1111 demonstravit,
1518 1087 1534 1105 a
1560 1080 1651 1117 parte
1676 1074 1805 1118 postica
1829 1076 1861 1107 in

155 1128 294 1160 anticam
320 1140 520 1171 compressa,
546 1129 578 1160 in
603 1130 693 1172 plura
720 1131 833 1162 tubera
859 1135 1043 1161 transversa
1069 1129 1171 1161 divisa
1198 1130 1366 1174 totiusque
1391 1131 1496 1163 trunci
1521 1132 1680 1165 latissima
1699 1133 1861 1165 videntur.

155 1188 332 1230 Segmenta
359 1191 511 1229 quartum
537 1192 568 1218 et
593 1187 753 1230 quintum,
781 1200 921 1231 quorum
946 1192 1121 1230 utrumque
1137 1188 1267 1220 nonnisi
1292 1200 1394 1220 unum
1413 1189 1605 1233 stigmatum
1623 1203 1679 1233 par
1696 1191 1768 1230 fert,
1793 1191 1861 1223 bre-

154 1244 243 1276 viora
269 1249 299 1276 et
325 1244 473 1275 tenuiora
500 1251 692 1288 comparent
718 1257 815 1288 quam
842 1244 1068 1288 praecedentia
1095 1251 1125 1276 et
1152 1246 1394 1289 subsequentia,

314 1303 491 1346 Segmenta
519 1308 649 1334 sextum
674 1315 779 1346 usque
805 1304 844 1335 ad
868 1315 991 1335 nonum
1017 1303 1150 1346 perinde
1174 1303 1350 1347 utrobique
1373 1316 1473 1336 unum
1500 1304 1619 1348 stigma
1645 1312 1776 1349 gerunt,
1804 1308 1861 1339 sed

155 1366 319 1403 praeterea
344 1361 605 1404 unumquodque
629 1361 727 1392 habet
753 1361 926 1404 praecipue
952 1360 1120 1392 evolutum
1145 1366 1177 1392 et
1193 1361 1331 1393 motioni
1357 1375 1473 1395 erucae
1490 1363 1723 1406 gravissimum
1740 1365 1859 1408 pedum

157 1430 231 1460 par,
262 1419 362 1461 pedes
396 1419 543 1462 spurios,
575 1431 674 1462 quare
705 1425 769 1450 tam
794 1418 998 1463 longitudine
1028 1431 1125 1462 quam
1149 1418 1321 1451 latitudine
1346 1420 1429 1452 inter
1453 1421 1594 1453 maxima
1626 1421 1728 1454 totius
1754 1423 1859 1454 trunci

157 1476 354 1507 numeranda
381 1482 467 1508 sunt.

313 1533 488 1566 Decimum
526 1546 603 1566 vero
642 1540 671 1566 et
711 1534 920 1566 undecimum
958 1540 1163 1578 segmentum
1199 1535 1262 1566 iam
1299 1536 1464 1578 posterius
1501 1537 1676 1580 perspicue
1711 1538 1859 1569 tenuiora

155 1591 312 1630 existunt,
336 1604 410 1623 nam
435 1598 610 1636 utrumque
635 1593 864 1623 tantummodo
896 1604 995 1624 unum
1028 1592 1219 1636 stigmatum
1252 1605 1309 1635 par
1334 1593 1425 1636 gerit.
1473 1594 1719 1626 Duodecimum
1751 1601 1859 1627 autem

156 1655 362 1692 segmentum
392 1662 451 1682 nec
485 1650 653 1694 stigmata,
684 1661 789 1693 neque
819 1651 919 1693 pedes
952 1650 1067 1689 habet,
1099 1656 1298 1693 quapropter
1328 1652 1365 1682 ad
1398 1651 1497 1683 vitam
1529 1664 1644 1684 erucae
1677 1658 1859 1685 sustentan-

156 1706 230 1737 dam
261 1707 405 1739 omnium
436 1707 606 1739 minimum
637 1708 723 1740 valet
758 1713 855 1751 atque
894 1707 1017 1739 idcirco
1053 1707 1149 1739 etiam
1186 1708 1356 1740 minimum
1394 1715 1444 1741 est
1475 1710 1621 1742 exultum
1653 1710 1860 1754 maximeque

157 1763 321 1807 exiguum.

315 1823 530 1867 Segmentum
557 1823 685 1855 tertium
712 1823 874 1855 decimum
901 1822 1040 1866 denique
1064 1822 1096 1854 in
1124 1823 1327 1866 superiorem
1346 1824 1591 1867 quodammodo
1618 1831 1649 1857 et
1674 1825 1857 1858 inferiorem

154 1886 279 1923 partem
306 1881 513 1924 dispescitur,
539 1893 620 1924 quae
644 1880 734 1912 molli
760 1880 982 1912 membranula
1008 1880 1183 1912 admodum
1210 1881 1392 1912 contractili
1417 1881 1592 1914 lateraliter
1615 1883 1746 1915 iunctae
1772 1889 1858 1921 sunt,

155 1950 237 1980 quae
263 1938 401 1970 transitu
425 1939 524 1970 faecis
550 1951 589 1970 ex
614 1951 675 1970 ano
701 1939 865 1981 posterius
892 1944 1031 1970 exeunte
1055 1951 1253 1982 magnopere
1285 1938 1479 1971 extenditur.
1528 1940 1725 1983 Superficies
1756 1942 1857 1984 partis

313 2066 336 2098 ³²)
360 2065 421 2090 Hoc
443 2065 506 2090 loco
528 2069 653 2091 nostrum
676 2074 731 2090 non
755 2068 796 2091 est
819 2073 972 2098 exponere,
1001 2065 1048 2099 qui
1070 2065 1173 2091 factum
1195 2065 1244 2093 sit„
1273 2068 1303 2090 ut
1332 2065 1414 2090 etiam
1442 2069 1569 2092 auctores
1599 2066 1633 2092 de.
1657 2068 1747 2093 erucis
1770 2068 1858 2102 aliqui

157 2112 369 2147 diligentissime
392 2114 570 2139 commentati
594 2122 626 2139 eo
650 2122 759 2148 semper
781 2113 949 2139 ducerentur
971 2121 1076 2145 errore7
1101 2118 1130 2138 ut
1151 2118 1279 2139 truncum
1301 2122 1445 2139 erucarum
1469 2122 1502 2139 cx
1518 2114 1665 2141 duodecim
1681 2117 1770 2142 solum
1792 2125 1853 2151 seg-

157 2162 254 2186 mentis
281 2163 434 2188 consistere
460 2166 602 2196 putarent.
645 2161 699 2187 Hic
728 2162 811 2188 modo
834 2161 1015 2193 meminerim,
1036 2162 1167 2188 facillime
1189 2162 1330 2196 parabiles
1354 2170 1450 2187 erucas
1473 2163 1607 2189 maiorum
1628 2163 1783 2199 sphingum,
1805 2165 1853 2190 ali.

157 2214 225 2243 quot
246 2211 418 2244 papilionum
441 2216 469 2237 et
490 2215 653 2236 noctuarum
676 2214 782 2236 tantum
806 2214 978 2244 segmentum
999 2210 1175 2236 undecimum
1197 2211 1310 2241 habere,
1332 2214 1363 2235 ut
1385 2219 1418 2235 eo
1434 2211 1629 2238 duodecimum
1651 2213 1734 2237 valde.
1756 2213 1853 2239 obseu-

156 2262 242 2284 retur.
284 2258 334 2284 Dr.
355 2258 492 2285 Herold
515 2259 541 2285 in
564 2259 709 2293 praeclaro
732 2268 782 2285 suo
810 2266 896 2293 opere
919 2255 1367 2295 „Enth'cltelunysyescliichte
1388 2256 1442 2286 der
1462 2255 1734 2296 Sclzmenerlz'nqess
1759 2262 1853 2288 condi-

156 2307 247 2332 tiones
271 2311 400 2332 externas
422 2308 548 2342 situsque
570 2308 743 2343 singulorum
767 2311 917 2333 stratorum
938 2307 1126 2333 musculorum
1147 2308 1206 2333 fere
1227 2316 1283 2333 non
1298 2307 1423 2342 respexit
1445 2312 1472 2333 et.
1489 2317 1522 2334 ex
1538 2309 1770 2343 explicationibus
1792 2314 1852 2336 tan-

156 2359 213 2380 tum
242 2355 400 2381 tabularum
422 2360 506 2391 atque
529 2365 562 2382 ex
584 2356 627 2382 his
649 2357 717 2390 ipsis
739 2356 867 2390 patescit,
891 2364 951 2381 eum
976 2356 1058 2381 etiam
1082 2356 1229 2382 duodecim
1251 2356 1335 2382 modo
1360 2361 1504 2391 segmenta
1526 2358 1729 2387 annulisormia,
1753 2362 1783 2384 ut
1804 2368 1851 2385 vo-

157 2408 209 2431 cat,
232 2408 331 2429 trunco
354 2412 454 2430 erucae
476 2405 627 2439 assignare.
