2087 2777
1073 114 1122 149 18

250 226 362 257 thecae
376 226 400 265 ‘)
426 223 594 266 palporurn
621 225 690 252 sunt
720 224 747 250 et
776 217 898 249 idcirco
919 217 1178 262 pselapllolhecae
1202 215 1386 248 rectissime
1411 214 1572 258 perhiberi
1590 220 1742 258 possunt.
1778 215 1839 247 Hic
1865 216 1947 248 adeo

250 283 377 313 (luobus
410 280 534 323 exiguis
566 277 665 310 sulcis
699 274 971 307 transversalibus
1005 286 1077 306 eum
1109 274 1219 306 locum
1248 272 1423 305 manifesto
1448 272 1628 304 indicatum
1660 271 1861 311 invenimus,
1892 273 1946 305 ubi

250 340 314 370 ‹luo
340 338 433 381 primi
458 335 581 369 articuli
607 335 778 378 palporuin
804 333 963 365 desinant.
1011 333 1160 372 Quorum
1194 331 1361 362 sulcorum
1395 330 1545 374 planities
1583 328 1754 361 anterioris
1792 330 1893 373 partis
1918 331 1946 363 k.

249 397 402 441 angulum
429 396 581 426 obtusum
607 404 681 423 cum
706 391 838 434 planitie
863 389 1054 433 posterioris
1080 388 1179 432 partis
1204 401 1232 432 9.
1250 400 1279 432 q.
1305 388 1474 431 componit
1499 393 1532 420 et
1555 393 1741 419 antrorsum
1768 399 1842 419 cum
1868 388 1947 419 obli-

250 467 312 498 que
338 453 552 486 descendente
578 448 708 492 planitie
733 448 914 491 posteriore
940 459 1116 490 processus
1141 446 1289 477 frontalis
1315 451 1345 486 β.
1371 446 1402 477 iu
1429 457 1526 477 unam
1551 444 1618 477 coit
1642 444 1819 488 planitiem.
1868 445 1946 477 Pars

248 514 276 545 lc.
301 513 365 544 fere
396 511 425 541 in
455 508 561 540 medio
587 519 647 538 suo
665 517 800 548 parvum
818 505 1068 542 subrotundum,
1095 515 1224 546 semper
1249 503 1438 541 dilucidum⁷
1465 502 1619 534 cicatrice
1636 503 1818 535 obductum
1835 503 1946 535 locum

250 570 352 607 offert,
378 567 431 610 qui
456 566 556 597 inodo
581 563 734 596 indicium
760 562 877 594 abiecti
907 561 1005 593 susuli
1038 573 1112 592 esse
1145 566 1265 603 potest.
1313 562 1388 601 Quo
1415 560 1510 604 signo
1542 560 1595 592 illa
1622 566 1714 592 tanto
1740 560 1844 605 magis
1871 573 1946 604 pars

250 627 334 659 labio
359 624 500 657 inferiori
525 623 720 665 linguaeque
745 626 810 651 tam
836 619 944 651 larvae
969 631 1067 661 quani
1093 617 1245 661 imaginis
1272 618 1475 661 respondens
1501 623 1636 661 apparet
1660 621 1690 650 et
1714 624 1802 651 recte
1819 618 1947 662 glosso-

249 685 342 716 tlieca
368 681 521 725 appellari
546 685 675 724 posset,
706 678 768 710 nisi
799 677 828 709 id
860 689 979 708 nomen
1005 676 1110 707 abusu
1136 687 1270 719 prorsus
1304 675 1521 719 improbabile
1552 675 1746 709 exstitisset.
1794 676 1896 721 Igitur
1921 677 1947 709 si

249 742 331 773 hanc
356 746 479 783 partem
504 738 635 770 oninino
660 736 789 768 nomine
814 735 945 778 proprio
972 746 1085 766 ornare
1116 733 1276 771 volueri&
1309 746 1381 766 eam
1413 734 1556 766 fortasse
1584 734 1815 777 yeneiothecam
1841 734 1948 767 dicere

248 798 369 837 licebit.
417 799 538 829 Omnes
564 808 640 828 vero
665 795 744 827 istas
770 799 876 837 partes
902 792 955 824 hic
981 792 1073 823 aliter
1098 804 1195 835 quam
1220 791 1252 822 in
1277 790 1418 835 imagine
1442 791 1512 834 ipsa
1539 791 1618 823 sitas
1645 803 1720 824 esse
1745 792 1831 824 haud
1857 792 1947 824 iwno-

1869 818 1888 837 ο

252 864 322 890 tum
347 862 406 889 est.

381 916 408 957 §-
437 914 484 945 13.
523 912 753 945 Thoracolheca
772 910 890 941 Burin
901 908 933 940 ei
946 914 1056 939 storo
1075 912 1210 939 auctore
1228 906 1260 938 in
1278 906 1621 950 prothoracothecam‚
1644 908 1947 940 mesothoracothe-

252 985 323 1005 cam
342 978 371 1004 et
386 969 696 1003 nwtathoratlieeain
714 967 920 1010 dispescitur.
945 966 1066 997 Verum
1081 977 1183 1007 quum
1197 964 1259 996 hae
1273 970 1381 1007 partes
1395 964 1526 996 nonnisi
1539 964 1571 996 in
1585 965 1685 998 latere
1702 977 1808 1009 pupae
1826 965 1948 997 dorsali

253 1030 351 1062 sulcis
367 1030 450 1061 clare
468 1028 633 1060 seiunctae
654 1026 726 1064 siut,
746 1024 866 1068 quippe
884 1023 1060 1056 lateraliter
1081 1028 1112 1054 et
1132 1022 1211 1053 infra
1232 1023 1270 1054 ab
1291 1021 1361 1054 aliis
1382 1022 1528 1065 partibus
1549 1023 1644 1066 plane
1664 1023 1816 1056 obtectae
1838 1025 1881 1063 (v.
1895 1023 1947 1067 fig.

251 1090 328 1129 4(3.)‚
354 1100 410 1118 eae
429 1086 546 1118 rectius
566 1098 639 1117 cum
658 1084 705 1115 (Ἰ.
731 1082 925 1126 Speyeris
939 1081 1178 1127 pronotolheca‚
1195 1081 1449 1114 mesonototheca
1465 1088 1491 1114 et
1512 1081 1760 1115 melanototheca
1779 1087 1948 1115 vocantur.

251 1144 490 1176 Prmmtotheca
517 1142 622 1175 sosiae
646 1140 914 1173 t'oriuicaesormis
939 1139 969 1171 iu
995 1139 1104 1170 medio
1130 1143 1258 1169 costam
1275 1138 1374 1170 habet
1398 1137 1681 1181 longitudinalem,
1706 1138 1738 1170 in
1764 1151 1827 1182 qua
1854 1151 1949 1182 supe-

252 1202 335 1234 riore
361 1201 496 1244 pusillus
523 1201 632 1233 sulcus
659 1199 808 1236 cernitur,
834 1198 889 1242 qui
915 1197 1054 1229 similem
1078 1196 1110 1228 in
1135 1196 1272 1228 modum
1298 1196 1328 1227 in
1354 1196 1628 1228 mesonototheca
1652 1202 1864 1241 propagatur,
1891 1197 1947 1229 sed

252 1260 283 1292 in
308 1272 343 1291 ea
369 1259 550 1302 posteriorc
575 1257 747 1301 plurimum
774 1257 915 1299 disparet
943 1261 974 1287 et
999 1253 1122 1298 passini
1148 1254 1254 1286 adhue
1279 1253 1310 1285 in
1335 1254 1602 1286 metanototheca
1635 1259 1806 1298 tamquam
1838 1266 1947 1286 merus

253 1318 363 1349 sulcus
388 1316 544 1359 cognosci
569 1321 684 1358 potest.
732 1315 819 1346 Idem
846 1313 956 1345 sulcus
981 1311 1229 1356 longitudinalis
1254 1311 1396 1355 imagine
1421 1302 1464 1344 ex‘
1486 1324 1570 1355 pupa
1604 1312 1752 1344 elabente
1777 1324 1883 1356 usque
1909 1313 1949 1344 ad

252 1375 512 1419 gastcrothecam
538 1373 726 1416 plerumque
750 1377 840 1403 totus
866 1371 1035 1414 rumpitur.
1082 1369 1354 1403 Mesonototheca
1380 1381 1458 1402 vero
1476 1375 1642 1413 praeterea
1668 1370 1751 1403 duos
1777 1370 1860 1414 gerit
1884 1371 1952 1402 sul·

252 1445 310 1465 eos
335 1431 493 1469 laterales,
519 1430 549 1462 in
574 1443 711 1474 quorum
735 1435 876 1473 utroque
899 1428 1007 1461 medio
1033 1441 1094 1460 una
1121 1433 1190 1460 seta
1215 1432 1353 1471 prostat,
1379 1427 1499 1471 quibus
1525 1427 1696 1460 interiores
1714 1428 1877 1472 margines
1903 1433 1948 1460 te-

252 1491 401 1534 gularum
426 1489 627 1522 denotantur.
675 1488 772 1525 Loci,
803 1488 863 1519 sub
896 1487 1014 1531 quibus
1046 1487 1174 1531 tegulae
1204 1486 1297 1529 ipsae
1329 1485 1411 1518 sitae
1437 1491 1530 1524 sunt,
1562 1491 1749 1518 extrorsum
1774 1486 1948 1530 perspicue

253 1553 329 1580 sunt
353 1546 499 1580 convexi.
545 1547 648 1589 Supra
678 1546 739 1578 hos
770 1546 863 1577 locos
896 1545 928 1576 in
953 1545 1044 1576 sulco
1075 1544 1158 1576 inter
1182 1544 1455 1588 pronotothecaiu
1486 1550 1518 1576 et
1542 1543 1852 1576 mesonotothecam
1876 1556 1947 1587 pro-

253 1605 381 1637 fundior
404 1604 482 1636 rima
507 1603 748 1647 longitudinalis
779 1616 836 1647 pro
869 1602 1022 1646 stigmate
1052 1602 1156 1645 primo
1188 1602 1329 1634 fortasse
1359 1602 1496 1646 agnosci
1521 1607 1648 1645 potest,
1683 1603 1739 1634 sed
1773 1608 1808 1634 ut
1837 1614 1947 1634 veram

255 1662 425 1706 reperirem
450 1667 648 1705 aperturam,
679 1661 757 1694 mihi
788 1661 839 1693 vel
865 1660 987 1692 maiore
1012 1660 1277 1704 augmentatione
1303 1660 1446 1692 adhibita
1478 1672 1543 1692 non
1569 1659 1718 1703 contigit.
1765 1660 1947 1692 Metanoto·

255 1721 347 1752 theca
373 1725 498 1763 praeter
523 1719 649 1751 sulcum
674 1719 942 1764 longitudinalem
967 1718 1110 1750 medium
1135 1730 1231 1750 unam
1260 1723 1363 1750 setam
1389 1717 1420 1749 in
1446 1723 1586 1761 utroque
1611 1718 1810 1750 anteriorum
1834 1716 1946 1749 finium

256 1778 441 1809 inferiorum
465 1778 565 1810 latere
590 1782 705 1821 gestat.

413 1835 523 1867 Partes
549 1835 723 1867 lateraliter
753 1840 784 1866 et
814 1834 893 1866 infra
927 1833 1004 1866 sitas
1035 1834 1129 1866 nobis
1163 1834 1303 1878 allegata
1336 1833 1386 1877 fig.
1412 1833 1464 1867 46.
1489 1833 1630 1866 breviter
1661 1845 1831 1866 recensere
1862 1832 1948 1869 licet,

258 1904 357 1935 quum
380 1892 503 1936 Kirby
527 1892 698 1936 plerasque
723 1904 835 1924 omues
862 1897 949 1924 reete
974 1897 1006 1924 et
1030 1892 1222 1936 cognoverit
1247 1897 1278 1924 et
1300 1891 1550 1934 nuncupaverit.
1598 1891 1784 1936 Utrobique
1808 1890 1947 1934 primum

257 1949 446 1993 plerothecas
470 1951 491 1983 l.
517 1951 536 1983 l.
561 1950 781 1994 conspicimus
807 1955 839 1982 et
863 1961 993 1981 sursum
1019 1949 1150 1992 quidem
1175 1949 1354 1993 marginem
1379 1948 1568 1981 interiorem
1598 1950 1723 1982 latioris
1754 1949 1823 1981 alae
1848 1948 1948 1992 posti-

259 2018 316 2039 cae
341 2012 413 2038 ante
436 2007 525 2039 illum
550 2009 618 2040 alae
643 2008 766 2040 anticae
791 2007 884 2050 quasi
908 2013 1032 2051 partem
1050 2007 1319 2051 angustissimam
1335 2006 1486 2039 videmus
1504 2007 1753 2050 prominentem.
1789 2008 1824 2039 ln
1849 2007 1949 2039 latere

260 2064 411 2096 inferiore
435 2064 497 2096 iam
522 2071 700 2109 sequuntur
724 2065 862 2109 primum
886 2070 983 2097 notae
1007 2065 1215 2099 ceratothecae
1238 2065 1267 2098 h.
1292 2065 1333 2104 h.‚
1357 2064 1559 2108 marginibus
1576 2065 1841 2108 pterothecarum
1863 2071 1950 2098 ante-

417 2221 440 2253 *J
465 2220 573 2256 Kirby
596 2223 728 2257 quosdam
751 2232 896 2258 processus
924 2223 1070 2249 vertieales
1098 2223 1235 2249 larvarum
1259 2223 1367 2258 aliquot
1388 2223 1571 2257 papilionum,
1595 2227 1626 2248 ut
1653 2222 1695 2249 Cl.
1720 2222 1869 2258 Speyeri
1892 2223 1947 2249 ani—

262 2269 477 2299 madverterunt,
500 2269 569 2295 salso
591 2271 818 2305 pselaphothecas
841 2272 928 2298 duxit.
969 2272 1057 2298 Iidem
1085 2282 1128 2298 vv.
1152 2272 1198 2298 dd.
1225 2280 1307 2297 veras
1330 2271 1564 2306 pselaphotheeas
1587 2272 1761 2306 quorundam
1782 2272 1948 2306 bombycum

263 2317 342 2351 primi
375 2318 571 2349 observarunt,
604 2319 653 2344 sed
684 2320 794 2346 tertium
826 2320 1019 2355 glossotheeae
1057 2329 1143 2356 genus
1176 2324 1358 2351 censuerunt,
1400 2328 1471 2355 quae
1507 2323 1599 2346 tamen
1636 2329 1701 2354 pars
1738 2329 1814 2347 mere
1851 2320 1948 2346 fictitia

264 2370 314 2396 est,
336 2374 386 2392 nec
407 2366 533 2392 alicunde
555 2367 737 2393 confirmatur.
770 2367 866 2394 Partes
887 2376 956 2405 φρ.
973 2378 1053 2395 veras
1076 2378 1137 2395 esse
1158 2368 1389 2404 pselaphotheeas
1413 2377 1446 2394 ex
1468 2368 1560 2403 palpis
1583 2369 1648 2395 inde
1671 2369 1788 2396 exemtis
1810 2369 1878 2395 satis
1906 2369 1946 2395 iu-

265 2414 369 2444 tellexi,
392 2424 507 2449 quorum
530 2415 640 2450 quidem
663 2424 711 2441 ora
732 2417 857 2450 superior
879 2417 922 2442 vel
944 2418 1072 2451 planities
1094 2418 1185 2444 statim
1208 2418 1316 2444 subsita
1338 2421 1390 2443 est.
