<?xml version="1.0" encoding="UTF-8"?>
<!DOCTYPE html PUBLIC "-//W3C//DTD XHTML 1.0 Transitional//EN"
    "http://www.w3.org/TR/xhtml1/DTD/xhtml1-transitional.dtd">
<html xmlns="http://www.w3.org/1999/xhtml" xml:lang="en" lang="en">
 <head>
  <title>
</title>
<meta http-equiv="Content-Type" content="text/html;charset=utf-8" />
  <meta name='ocr-system' content='tesseract 3.04.00' />
  <meta name='ocr-capabilities' content='ocr_page ocr_carea ocr_par ocr_line ocrx_word'/>
</head>
<body>
  <div class='ocr_page' id='page_1' title='image "./desesiisagribero00stau_0040.png"; bbox 0 0 2087 2777; ppageno 0'>
   <div class='ocr_carea' id='block_1_1' title="bbox 1060 107 1111 141">
    <p class='ocr_par' dir='ltr' id='par_1_1' title="bbox 1060 107 1111 141">
     <span class='ocr_line' id='line_1_1' title="bbox 1060 107 1111 141; baseline 0 0"><span class='ocrx_word' id='word_1_1' title='bbox 1060 107 1111 141; x_wconf 77' lang='lat'>3⁰</span> 
     </span>
    </p>
   </div>
   <div class='ocr_carea' id='block_1_2' title="bbox 232 208 1939 2452">
    <p class='ocr_par' dir='ltr' id='par_1_2' title="bbox 237 208 1937 662">
     <span class='ocr_line' id='line_1_2' title="bbox 240 208 1937 260; baseline -0.002 -15"><span class='ocrx_word' id='word_1_2' title='bbox 240 221 332 252; x_wconf 56' lang='lat' dir='ltr'>spicae</span> <span class='ocrx_word' id='word_1_3' title='bbox 356 218 420 260; x_wconf 68' lang='lat' dir='ltr'>(fig,</span> <span class='ocrx_word' id='word_1_4' title='bbox 446 217 498 249; x_wconf 83' lang='lat'>31.</span> <span class='ocrx_word' id='word_1_5' title='bbox 523 219 564 250; x_wconf 66' lang='grc' dir='ltr'>ὁ.)</span> <span class='ocrx_word' id='word_1_6' title='bbox 589 214 701 245; x_wconf 68' lang='lat' dir='ltr'>affixae</span> <span class='ocrx_word' id='word_1_7' title='bbox 727 216 802 242; x_wconf 82' lang='lat' dir='ltr'>suut</span> <span class='ocrx_word' id='word_1_8' title='bbox 827 216 857 242; x_wconf 89' lang='lat' dir='ltr'>et</span> <span class='ocrx_word' id='word_1_9' title='bbox 882 210 913 241; x_wconf 92' lang='lat' dir='ltr'>in</span> <span class='ocrx_word' id='word_1_10' title='bbox 939 209 1028 253; x_wconf 89' lang='lat' dir='ltr'>puris</span> <span class='ocrx_word' id='word_1_11' title='bbox 1055 209 1295 252; x_wconf 74' lang='lat' dir='ltr'>exemplaribus</span> <span class='ocrx_word' id='word_1_12' title='bbox 1325 209 1401 241; x_wconf 89' lang='lat' dir='ltr'>hinc</span> <span class='ocrx_word' id='word_1_13' title='bbox 1433 209 1527 252; x_wconf 90' lang='lat' dir='ltr'>copia</span> <span class='ocrx_word' id='word_1_14' title='bbox 1560 208 1832 251; x_wconf 73' lang='lat' dir='ltr'>longissimorum</span> <span class='ocrx_word' id='word_1_15' title='bbox 1857 209 1937 242; x_wconf 91' lang='lat' dir='ltr'>mol-</span> 
     </span>
     <span class='ocr_line' id='line_1_3' title="bbox 239 266 1936 318; baseline -0.009 -11"><span class='ocrx_word' id='word_1_16' title='bbox 239 277 315 308; x_wconf 85' lang='lat' dir='ltr'>lium</span> <span class='ocrx_word' id='word_1_17' title='bbox 341 275 481 318; x_wconf 87' lang='lat' dir='ltr'>pilorum</span> <span class='ocrx_word' id='word_1_18' title='bbox 506 271 700 316; x_wconf 77' lang='lat' dir='ltr'>pallidorum</span> <span class='ocrx_word' id='word_1_19' title='bbox 725 267 955 312; x_wconf 76' lang='lat' dir='ltr'>progerminat.</span> <span class='ocrx_word' id='word_1_20' title='bbox 981 266 1036 310; x_wconf 86' lang='lat' dir='ltr'>qui</span> <span class='ocrx_word' id='word_1_21' title='bbox 1063 278 1195 298; x_wconf 88' lang='lat' dir='ltr'>sursum</span> <span class='ocrx_word' id='word_1_22' title='bbox 1227 272 1257 298; x_wconf 87' lang='lat' dir='ltr'>et</span> <span class='ocrx_word' id='word_1_23' title='bbox 1288 266 1321 298; x_wconf 88' lang='lat' dir='ltr'>in</span> <span class='ocrx_word' id='word_1_24' title='bbox 1350 272 1477 310; x_wconf 88' lang='lat' dir='ltr'>partem</span> <span class='ocrx_word' id='word_1_25' title='bbox 1502 266 1665 310; x_wconf 75' lang='lat' dir='ltr'>posticam</span> <span class='ocrx_word' id='word_1_26' title='bbox 1690 272 1862 309; x_wconf 61' lang='lat' dir='ltr'>vergentes</span> <span class='ocrx_word' id='word_1_27' title='bbox 1889 273 1936 299; x_wconf 65' lang='grc' dir='ltr'>ω-</span> 
     </span>
     <span class='ocr_line' id='line_1_4' title="bbox 237 323 1936 364; baseline -0.005 1"><span class='ocrx_word' id='word_1_28' title='bbox 237 341 306 364; x_wconf 82' lang='lat' dir='ltr'>tum</span> <span class='ocrx_word' id='word_1_29' title='bbox 330 332 431 364; x_wconf 79' lang='lat' dir='ltr'>ferme</span> <span class='ocrx_word' id='word_1_30' title='bbox 455 334 642 362; x_wconf 88' lang='lat' dir='ltr'>metanotou</span> <span class='ocrx_word' id='word_1_31' title='bbox 667 327 784 359; x_wconf 71' lang='lat' dir='ltr'>velant.</span> <span class='ocrx_word' id='word_1_32' title='bbox 830 325 997 357; x_wconf 85' lang='lat' dir='ltr'>Deorsum</span> <span class='ocrx_word' id='word_1_33' title='bbox 1022 323 1053 355; x_wconf 93' lang='lat' dir='ltr'>in</span> <span class='ocrx_word' id='word_1_34' title='bbox 1077 323 1178 355; x_wconf 89' lang='lat' dir='ltr'>latere</span> <span class='ocrx_word' id='word_1_35' title='bbox 1202 324 1340 356; x_wconf 80' lang='lat' dir='ltr'>ventrali</span> <span class='ocrx_word' id='word_1_36' title='bbox 1363 324 1571 357; x_wconf 78' lang='lat' dir='ltr'>metathorax</span> <span class='ocrx_word' id='word_1_37' title='bbox 1593 323 1690 356; x_wconf 88' lang='lat' dir='ltr'>latior</span> <span class='ocrx_word' id='word_1_38' title='bbox 1715 323 1824 357; x_wconf 83' lang='lat' dir='ltr'>evadit</span> <span class='ocrx_word' id='word_1_39' title='bbox 1848 330 1881 356; x_wconf 86' lang='lat' dir='ltr'>et</span> <span class='ocrx_word' id='word_1_40' title='bbox 1904 324 1936 356; x_wconf 88' lang='lat' dir='ltr'>in</span> 
     </span>
     <span class='ocr_line' id='line_1_5' title="bbox 239 381 1935 431; baseline -0.002 -13"><span class='ocrx_word' id='word_1_41' title='bbox 239 398 423 424; x_wconf 63' lang='lat' dir='ltr'>magster-no</span> <span class='ocrx_word' id='word_1_42' title='bbox 453 392 656 431; x_wconf 83' lang='lat' dir='ltr'>postremum</span> <span class='ocrx_word' id='word_1_43' title='bbox 687 384 808 427; x_wconf 89' lang='lat' dir='ltr'>pedum</span> <span class='ocrx_word' id='word_1_44' title='bbox 838 395 895 426; x_wconf 92' lang='lat' dir='ltr'>par</span> <span class='ocrx_word' id='word_1_45' title='bbox 925 387 1042 425; x_wconf 87' lang='lat' dir='ltr'>portat.</span> <span class='ocrx_word' id='word_1_46' title='bbox 1097 381 1275 424; x_wconf 66' lang='lat' dir='ltr'>Ceteroqui</span> <span class='ocrx_word' id='word_1_47' title='bbox 1309 382 1534 415; x_wconf 83' lang='lat' dir='ltr'>mesotlioraci</span> <span class='ocrx_word' id='word_1_48' title='bbox 1564 383 1745 414; x_wconf 81' lang='lat' dir='ltr'>admodum</span> <span class='ocrx_word' id='word_1_49' title='bbox 1775 381 1935 426; x_wconf 82' lang='lat' dir='ltr'>analogiis</span> 
     </span>
     <span class='ocr_line' id='line_1_6' title="bbox 238 439 1937 489; baseline -0.005 -9"><span class='ocrx_word' id='word_1_50' title='bbox 238 453 297 480; x_wconf 83' lang='lat' dir='ltr'>est.</span> <span class='ocrx_word' id='word_1_51' title='bbox 323 447 385 479; x_wconf 84' lang='lat' dir='ltr'>nisi</span> <span class='ocrx_word' id='word_1_52' title='bbox 411 446 499 489; x_wconf 88' lang='lat' dir='ltr'>qnod</span> <span class='ocrx_word' id='word_1_53' title='bbox 524 443 672 475; x_wconf 89' lang='lat' dir='ltr'>maculae</span> <span class='ocrx_word' id='word_1_54' title='bbox 695 441 844 473; x_wconf 85' lang='lat' dir='ltr'>laterales</span> <span class='ocrx_word' id='word_1_55' title='bbox 870 440 934 472; x_wconf 88' lang='lat' dir='ltr'>huc</span> <span class='ocrx_word' id='word_1_56' title='bbox 959 440 1152 483; x_wconf 85' lang='lat' dir='ltr'>plerumque</span> <span class='ocrx_word' id='word_1_57' title='bbox 1176 451 1241 470; x_wconf 87' lang='lat' dir='ltr'>non</span> <span class='ocrx_word' id='word_1_58' title='bbox 1266 439 1406 483; x_wconf 84' lang='lat' dir='ltr'>amplius</span> <span class='ocrx_word' id='word_1_59' title='bbox 1425 440 1636 483; x_wconf 74' lang='lat' dir='ltr'>porriguntur</span> <span class='ocrx_word' id='word_1_60' title='bbox 1661 446 1691 473; x_wconf 89' lang='lat' dir='ltr'>et</span> <span class='ocrx_word' id='word_1_61' title='bbox 1710 440 1750 472; x_wconf 89' lang='lat' dir='ltr'>ad</span> <span class='ocrx_word' id='word_1_62' title='bbox 1768 451 1937 472; x_wconf 88' lang='lat' dir='ltr'>summum</span> 
     </span>
     <span class='ocr_line' id='line_1_7' title="bbox 238 496 1936 548; baseline -0.005 -11"><span class='ocrx_word' id='word_1_63' title='bbox 238 505 361 548; x_wconf 79' lang='lat' dir='ltr'>aliquot</span> <span class='ocrx_word' id='word_1_64' title='bbox 388 502 579 546; x_wconf 72' lang='lat' dir='ltr'>squamulae</span> <span class='ocrx_word' id='word_1_65' title='bbox 605 499 724 532; x_wconf 87' lang='lat' dir='ltr'>coloris</span> <span class='ocrx_word' id='word_1_66' title='bbox 750 498 876 530; x_wconf 89' lang='lat' dir='ltr'>illarum</span> <span class='ocrx_word' id='word_1_67' title='bbox 903 502 1042 529; x_wconf 84' lang='lat' dir='ltr'>exstant.</span> <span class='ocrx_word' id='word_1_68' title='bbox 1090 496 1123 527; x_wconf 91' lang='lat' dir='ltr'>ln</span> <span class='ocrx_word' id='word_1_69' title='bbox 1150 496 1212 528; x_wconf 84' lang='lat' dir='ltr'>line</span> <span class='ocrx_word' id='word_1_70' title='bbox 1238 509 1298 528; x_wconf 87' lang='lat' dir='ltr'>suo</span> <span class='ocrx_word' id='word_1_71' title='bbox 1325 497 1526 540; x_wconf 83' lang='lat' dir='ltr'>posteriore,</span> <span class='ocrx_word' id='word_1_72' title='bbox 1557 497 1590 529; x_wconf 88' lang='lat' dir='ltr'>in</span> <span class='ocrx_word' id='word_1_73' title='bbox 1614 498 1757 530; x_wconf 83' lang='lat' dir='ltr'>incisura</span> <span class='ocrx_word' id='word_1_74' title='bbox 1783 509 1857 529; x_wconf 90' lang='lat' dir='ltr'>cnm</span> <span class='ocrx_word' id='word_1_75' title='bbox 1883 498 1936 529; x_wconf 89' lang='lat' dir='ltr'>ab·</span> 
     </span>
     <span class='ocr_line' id='line_1_8' title="bbox 237 554 1936 602; baseline -0.005 -8"><span class='ocrx_word' id='word_1_76' title='bbox 237 563 367 594; x_wconf 82' lang='lat' dir='ltr'>domine</span> <span class='ocrx_word' id='word_1_77' title='bbox 390 560 474 591; x_wconf 82' lang='lat' dir='ltr'>sacta</span> <span class='ocrx_word' id='word_1_78' title='bbox 499 559 648 602; x_wconf 66' lang='lat'>(§.16.).</span> <span class='ocrx_word' id='word_1_79' title='bbox 680 556 881 588; x_wconf 81' lang='lat' dir='ltr'>metatborax</span> <span class='ocrx_word' id='word_1_80' title='bbox 913 554 1030 593; x_wconf 72' lang='lat' dir='ltr'>curtis,</span> <span class='ocrx_word' id='word_1_81' title='bbox 1063 554 1236 592; x_wconf 89' lang='lat' dir='ltr'>mollibus,</span> <span class='ocrx_word' id='word_1_82' title='bbox 1269 554 1386 586; x_wconf 77' lang='lat' dir='ltr'>albidis</span> <span class='ocrx_word' id='word_1_83' title='bbox 1418 555 1492 598; x_wconf 84' lang='lat' dir='ltr'>pilis</span> <span class='ocrx_word' id='word_1_84' title='bbox 1519 554 1672 588; x_wconf 76' lang='lat' dir='ltr'>tenuibus</span> <span class='ocrx_word' id='word_1_85' title='bbox 1698 555 1750 587; x_wconf 87' lang='lat' dir='ltr'>vel</span> <span class='ocrx_word' id='word_1_86' title='bbox 1775 556 1859 599; x_wconf 85' lang='lat' dir='ltr'>plus,</span> <span class='ocrx_word' id='word_1_87' title='bbox 1885 555 1936 587; x_wconf 70' lang='lat' dir='ltr'>vel</span> 
     </span>
     <span class='ocr_line' id='line_1_9' title="bbox 237 620 629 662; baseline -0.005 -11"><span class='ocrx_word' id='word_1_88' title='bbox 237 620 342 651; x_wconf 81' lang='lat' dir='ltr'>minus</span> <span class='ocrx_word' id='word_1_89' title='bbox 369 623 544 662; x_wconf 86' lang='lat' dir='ltr'>coopertus</span> <span class='ocrx_word' id='word_1_90' title='bbox 572 622 629 649; x_wconf 79' lang='lat' dir='ltr'>est.</span> 
     </span>
    </p>

    <p class='ocr_par' dir='ltr' id='par_1_3' title="bbox 233 669 1939 1296">
     <span class='ocr_line' id='line_1_10' title="bbox 393 669 1939 718; baseline -0.003 -10"><span class='ocrx_word' id='word_1_91' title='bbox 393 677 420 718; x_wconf 61' lang='grc' dir='ltr'>ξ.</span> <span class='ocrx_word' id='word_1_92' title='bbox 446 676 497 707; x_wconf 85' lang='grc'>21.</span> <span class='ocrx_word' id='word_1_93' title='bbox 545 675 662 710; x_wconf 64' lang='lat' dir='ltr'>Pedes,</span> <span class='ocrx_word' id='word_1_94' title='bbox 690 677 873 703; x_wconf 86' lang='lat' dir='ltr'>ceterorum</span> <span class='ocrx_word' id='word_1_95' title='bbox 904 670 1106 701; x_wconf 83' lang='lat' dir='ltr'>insectorum</span> <span class='ocrx_word' id='word_1_96' title='bbox 1139 669 1277 712; x_wconf 78' lang='lat' dir='ltr'>pedibus</span> <span class='ocrx_word' id='word_1_97' title='bbox 1311 670 1544 702; x_wconf 75' lang='lat' dir='ltr'>convenienter</span> <span class='ocrx_word' id='word_1_98' title='bbox 1569 671 1767 710; x_wconf 72' lang='lat' dir='ltr'>constructi,</span> <span class='ocrx_word' id='word_1_99' title='bbox 1793 671 1939 715; x_wconf 86' lang='lat' dir='ltr'>quisque</span> 
     </span>
     <span class='ocr_line' id='line_1_11' title="bbox 237 727 1934 777; baseline -0.003 -11"><span class='ocrx_word' id='word_1_100' title='bbox 237 747 275 766; x_wconf 77' lang='lat' dir='ltr'>ex</span> <span class='ocrx_word' id='word_1_101' title='bbox 301 746 392 772; x_wconf 64' lang='lat' dir='ltr'>coma,</span> <span class='ocrx_word' id='word_1_102' title='bbox 410 733 622 777; x_wconf 51' lang='lat' dir='ltr'>focliamere.</span> <span class='ocrx_word' id='word_1_103' title='bbox 646 732 772 773; x_wconf 75' lang='lat' dir='ltr'>femore,</span> <span class='ocrx_word' id='word_1_104' title='bbox 798 729 874 762; x_wconf 75' lang='lat' dir='ltr'>tibia</span> <span class='ocrx_word' id='word_1_105' title='bbox 901 733 929 759; x_wconf 86' lang='lat' dir='ltr'>et</span> <span class='ocrx_word' id='word_1_106' title='bbox 957 736 1043 760; x_wconf 77' lang='lat' dir='ltr'>tarso</span> <span class='ocrx_word' id='word_1_107' title='bbox 1069 739 1144 759; x_wconf 86' lang='lat' dir='ltr'>cnm</span> <span class='ocrx_word' id='word_1_108' title='bbox 1170 727 1271 771; x_wconf 78' lang='lat' dir='ltr'>ungui</span> <span class='ocrx_word' id='word_1_109' title='bbox 1297 727 1485 760; x_wconf 78' lang='lat' dir='ltr'>consistunt</span> <span class='ocrx_word' id='word_1_110' title='bbox 1511 728 1574 772; x_wconf 77' lang='lat' dir='ltr'>(fig.</span> <span class='ocrx_word' id='word_1_111' title='bbox 1593 728 1643 762; x_wconf 78' lang='lat'>27.</span> <span class='ocrx_word' id='word_1_112' title='bbox 1671 740 1701 761; x_wconf 87' lang='lat' dir='ltr'>a.</span> <span class='ocrx_word' id='word_1_113' title='bbox 1726 730 1755 762; x_wconf 87' lang='lat' dir='ltr'>b.</span> <span class='ocrx_word' id='word_1_114' title='bbox 1780 742 1804 763; x_wconf 87' lang='lat' dir='ltr'>c.</span> <span class='ocrx_word' id='word_1_115' title='bbox 1830 730 1859 763; x_wconf 83' lang='lat' dir='ltr'>d.</span> <span class='ocrx_word' id='word_1_116' title='bbox 1885 733 1934 771; x_wconf 76' lang='lat' dir='ltr'>e.).</span> 
     </span>
     <span class='ocr_line' id='line_1_12' title="bbox 236 785 1938 835; baseline -0.003 -11"><span class='ocrx_word' id='word_1_117' title='bbox 236 792 342 824; x_wconf 65' lang='lat' dir='ltr'>Amici</span> <span class='ocrx_word' id='word_1_118' title='bbox 367 792 467 835; x_wconf 83' lang='lat' dir='ltr'>pedes</span> <span class='ocrx_word' id='word_1_119' title='bbox 492 787 676 821; x_wconf 63' lang='lat' dir='ltr'>brevissimi</span> <span class='ocrx_word' id='word_1_120' title='bbox 702 793 787 819; x_wconf 82' lang='lat' dir='ltr'>sunt.</span> <span class='ocrx_word' id='word_1_121' title='bbox 812 786 932 829; x_wconf 84' lang='lat' dir='ltr'>quibus</span> <span class='ocrx_word' id='word_1_122' title='bbox 958 785 1055 817; x_wconf 87' lang='lat' dir='ltr'>medii</span> <span class='ocrx_word' id='word_1_123' title='bbox 1080 785 1246 828; x_wconf 76' lang='lat' dir='ltr'>longiores</span> <span class='ocrx_word' id='word_1_124' title='bbox 1273 786 1467 824; x_wconf 83' lang='lat' dir='ltr'>succedunt,</span> <span class='ocrx_word' id='word_1_125' title='bbox 1493 798 1595 829; x_wconf 88' lang='lat' dir='ltr'>quum</span> <span class='ocrx_word' id='word_1_126' title='bbox 1613 785 1735 829; x_wconf 79' lang='lat' dir='ltr'>postici</span> <span class='ocrx_word' id='word_1_127' title='bbox 1751 786 1938 831; x_wconf 86' lang='lat' dir='ltr'>longissimi</span> 
     </span>
     <span class='ocr_line' id='line_1_13' title="bbox 237 843 1937 892; baseline -0.002 -10"><span class='ocrx_word' id='word_1_128' title='bbox 237 850 392 882; x_wconf 76' lang='lat' dir='ltr'>existunt.</span> <span class='ocrx_word' id='word_1_129' title='bbox 417 848 471 892; x_wconf 87' lang='lat' dir='ltr'>qui</span> <span class='ocrx_word' id='word_1_130' title='bbox 496 859 568 878; x_wconf 88' lang='lat' dir='ltr'>raro</span> <span class='ocrx_word' id='word_1_131' title='bbox 594 846 705 877; x_wconf 88' lang='lat' dir='ltr'>cadem</span> <span class='ocrx_word' id='word_1_132' title='bbox 731 850 762 876; x_wconf 89' lang='lat' dir='ltr'>ut</span> <span class='ocrx_word' id='word_1_133' title='bbox 791 843 888 876; x_wconf 86' lang='lat' dir='ltr'>medii</span> <span class='ocrx_word' id='word_1_134' title='bbox 915 850 991 875; x_wconf 83' lang='lat' dir='ltr'>suut.</span> <span class='ocrx_word' id='word_1_135' title='bbox 1015 843 1219 887; x_wconf 76' lang='lat' dir='ltr'>longitudine</span> <span class='ocrx_word' id='word_1_136' title='bbox 1245 843 1414 887; x_wconf 70' lang='lat' dir='ltr'>(hylaeis.).</span> <span class='ocrx_word' id='word_1_137' title='bbox 1451 843 1683 876; x_wconf 83' lang='lat' dir='ltr'>Accuratiores</span> <span class='ocrx_word' id='word_1_138' title='bbox 1709 856 1823 877; x_wconf 87' lang='lat' dir='ltr'>eorum</span> <span class='ocrx_word' id='word_1_139' title='bbox 1839 845 1937 878; x_wconf 81' lang='lat' dir='ltr'>ratio-</span> 
     </span>
     <span class='ocr_line' id='line_1_14' title="bbox 236 901 1939 951; baseline -0.002 -12"><span class='ocrx_word' id='word_1_140' title='bbox 236 920 292 939; x_wconf 83' lang='lat' dir='ltr'>nes</span> <span class='ocrx_word' id='word_1_141' title='bbox 318 905 569 951; x_wconf 73' lang='lat' dir='ltr'>longitudinales</span> <span class='ocrx_word' id='word_1_142' title='bbox 595 903 679 947; x_wconf 83' lang='lat' dir='ltr'>apud</span> <span class='ocrx_word' id='word_1_143' title='bbox 705 914 818 934; x_wconf 87' lang='lat' dir='ltr'>omnes</span> <span class='ocrx_word' id='word_1_144' title='bbox 845 901 973 945; x_wconf 81' lang='lat' dir='ltr'>species</span> <span class='ocrx_word' id='word_1_145' title='bbox 1000 901 1162 945; x_wconf 74' lang='lat' dir='ltr'>singulas,</span> <span class='ocrx_word' id='word_1_146' title='bbox 1194 901 1291 933; x_wconf 88' lang='lat' dir='ltr'>sicuti</span> <span class='ocrx_word' id='word_1_147' title='bbox 1323 906 1456 933; x_wconf 85' lang='lat' dir='ltr'>mutuas</span> <span class='ocrx_word' id='word_1_148' title='bbox 1489 901 1693 946; x_wconf 78' lang='lat' dir='ltr'>singularum</span> <span class='ocrx_word' id='word_1_149' title='bbox 1724 902 1865 946; x_wconf 86' lang='lat' dir='ltr'>partium</span> <span class='ocrx_word' id='word_1_150' title='bbox 1890 916 1939 936; x_wconf 86' lang='lat' dir='ltr'>ra-</span> 
     </span>
     <span class='ocr_line' id='line_1_15' title="bbox 237 959 1937 1008; baseline -0.002 -12"><span class='ocrx_word' id='word_1_151' title='bbox 237 965 340 997; x_wconf 81' lang='lat' dir='ltr'>tiones</span> <span class='ocrx_word' id='word_1_152' title='bbox 365 962 618 1008; x_wconf 70' lang='lat' dir='ltr'>longitudinales</span> <span class='ocrx_word' id='word_1_153' title='bbox 644 961 674 992; x_wconf 87' lang='lat' dir='ltr'>in</span> <span class='ocrx_word' id='word_1_154' title='bbox 699 960 765 992; x_wconf 86' lang='lat' dir='ltr'>tab.</span> <span class='ocrx_word' id='word_1_155' title='bbox 789 959 940 991; x_wconf 88' lang='lat' dir='ltr'>adiuncta</span> <span class='ocrx_word' id='word_1_156' title='bbox 966 959 1252 1003; x_wconf 63' lang='lat' dir='ltr'>consignavimus,</span> <span class='ocrx_word' id='word_1_157' title='bbox 1287 965 1488 1003; x_wconf 87' lang='lat' dir='ltr'>quapropter</span> <span class='ocrx_word' id='word_1_158' title='bbox 1518 971 1573 991; x_wconf 86' lang='lat' dir='ltr'>eas</span> <span class='ocrx_word' id='word_1_159' title='bbox 1604 959 1669 992; x_wconf 88' lang='lat' dir='ltr'>hoc</span> <span class='ocrx_word' id='word_1_160' title='bbox 1694 960 1770 992; x_wconf 88' lang='lat' dir='ltr'>loco</span> <span class='ocrx_word' id='word_1_161' title='bbox 1795 960 1937 994; x_wconf 88' lang='lat' dir='ltr'>intactas</span> 
     </span>
     <span class='ocr_line' id='line_1_16' title="bbox 236 1017 1938 1065; baseline -0.002 -10"><span class='ocrx_word' id='word_1_162' title='bbox 236 1022 459 1065; x_wconf 86' lang='lat' dir='ltr'>relinquimus.</span> <span class='ocrx_word' id='word_1_163' title='bbox 506 1019 604 1061; x_wconf 77' lang='lat' dir='ltr'>Quod</span> <span class='ocrx_word' id='word_1_164' title='bbox 629 1019 668 1049; x_wconf 86' lang='lat' dir='ltr'>ad</span> <span class='ocrx_word' id='word_1_165' title='bbox 697 1029 849 1061; x_wconf 86' lang='lat' dir='ltr'>squamas</span> <span class='ocrx_word' id='word_1_166' title='bbox 877 1017 1080 1061; x_wconf 80' lang='lat' dir='ltr'>singularum</span> <span class='ocrx_word' id='word_1_167' title='bbox 1105 1018 1246 1061; x_wconf 90' lang='lat' dir='ltr'>partium</span> <span class='ocrx_word' id='word_1_168' title='bbox 1272 1017 1422 1061; x_wconf 78' lang='lat' dir='ltr'>pertinet,</span> <span class='ocrx_word' id='word_1_169' title='bbox 1447 1018 1501 1061; x_wconf 81' lang='lat' dir='ltr'>fig.</span> <span class='ocrx_word' id='word_1_170' title='bbox 1528 1019 1580 1050; x_wconf 73' lang='lat'>77.</span> <span class='ocrx_word' id='word_1_171' title='bbox 1604 1029 1636 1062; x_wconf 85' lang='lat' dir='ltr'>p.</span> <span class='ocrx_word' id='word_1_172' title='bbox 1654 1025 1673 1052; x_wconf 78' lang='lat' dir='ltr'>t.</span> <span class='ocrx_word' id='word_1_173' title='bbox 1690 1031 1721 1051; x_wconf 72' lang='lat' dir='ltr'>u.</span> <span class='ocrx_word' id='word_1_174' title='bbox 1739 1019 1758 1053; x_wconf 80' lang='lat' dir='ltr'>i,</span> <span class='ocrx_word' id='word_1_175' title='bbox 1776 1019 1815 1058; x_wconf 53' lang='lat' dir='ltr'>la,</span> <span class='ocrx_word' id='word_1_176' title='bbox 1842 1031 1938 1063; x_wconf 85' lang='lat' dir='ltr'>squa—</span> 
     </span>
     <span class='ocr_line' id='line_1_17' title="bbox 235 1075 1938 1122; baseline -0.001 -11"><span class='ocrx_word' id='word_1_177' title='bbox 235 1092 303 1112; x_wconf 88' lang='lat' dir='ltr'>mas</span> <span class='ocrx_word' id='word_1_178' title='bbox 330 1092 442 1112; x_wconf 81' lang='lat' dir='ltr'>coxae.</span> <span class='ocrx_word' id='word_1_179' title='bbox 466 1091 496 1111; x_wconf 82' lang='grc' dir='ltr'>η.</span> <span class='ocrx_word' id='word_1_180' title='bbox 521 1089 551 1122; x_wconf 86' lang='lat' dir='ltr'>p.</span> <span class='ocrx_word' id='word_1_181' title='bbox 577 1088 730 1120; x_wconf 84' lang='lat' dir='ltr'>squamas</span> <span class='ocrx_word' id='word_1_182' title='bbox 755 1075 900 1113; x_wconf 78' lang='lat' dir='ltr'>femoris,</span> <span class='ocrx_word' id='word_1_183' title='bbox 924 1087 957 1108; x_wconf 68' lang='grc' dir='ltr'>α’.</span> <span class='ocrx_word' id='word_1_184' title='bbox 983 1075 1026 1108; x_wconf 64' lang='grc' dir='ltr'>ἆ.</span> <span class='ocrx_word' id='word_1_185' title='bbox 1050 1075 1089 1119; x_wconf 79' lang='lat' dir='ltr'>s.</span> <span class='ocrx_word' id='word_1_186' title='bbox 1116 1088 1271 1119; x_wconf 85' lang='lat' dir='ltr'>squamas</span> <span class='ocrx_word' id='word_1_187' title='bbox 1289 1075 1398 1113; x_wconf 69' lang='lat' dir='ltr'>tibiae,</span> <span class='ocrx_word' id='word_1_188' title='bbox 1423 1088 1452 1108; x_wconf 74' lang='lat' dir='ltr'>z.</span> <span class='ocrx_word' id='word_1_189' title='bbox 1479 1088 1653 1119; x_wconf 82' lang='lat' dir='ltr'>squamam</span> <span class='ocrx_word' id='word_1_190' title='bbox 1670 1076 1807 1108; x_wconf 86' lang='lat' dir='ltr'>calcaris</span> <span class='ocrx_word' id='word_1_191' title='bbox 1825 1076 1938 1116; x_wconf 81' lang='lat' dir='ltr'>tibiae,</span> 
     </span>
     <span class='ocr_line' id='line_1_18' title="bbox 234 1132 1938 1180; baseline -0.002 -10"><span class='ocrx_word' id='word_1_192' title='bbox 234 1138 253 1170; x_wconf 85' lang='grc' dir='ltr'>Ι.</span> <span class='ocrx_word' id='word_1_193' title='bbox 278 1149 316 1170; x_wconf 81' lang='lat' dir='ltr'>m.</span> <span class='ocrx_word' id='word_1_194' title='bbox 342 1148 495 1180; x_wconf 85' lang='lat' dir='ltr'>squamas</span> <span class='ocrx_word' id='word_1_195' title='bbox 520 1135 610 1167; x_wconf 86' lang='lat' dir='ltr'>tarsi.</span> <span class='ocrx_word' id='word_1_196' title='bbox 635 1145 746 1165; x_wconf 87' lang='lat' dir='ltr'>omnes</span> <span class='ocrx_word' id='word_1_197' title='bbox 773 1134 813 1165; x_wconf 86' lang='lat' dir='ltr'>de</span> <span class='ocrx_word' id='word_1_198' title='bbox 837 1132 1031 1165; x_wconf 81' lang='lat' dir='ltr'>cnliciformi</span> <span class='ocrx_word' id='word_1_199' title='bbox 1048 1133 1181 1165; x_wconf 85' lang='lat' dir='ltr'>tralatas</span> <span class='ocrx_word' id='word_1_200' title='bbox 1200 1139 1432 1177; x_wconf 83' lang='lat' dir='ltr'>repraesentat.</span> <span class='ocrx_word' id='word_1_201' title='bbox 1469 1133 1564 1165; x_wconf 72' lang='lat' dir='ltr'>[nde</span> <span class='ocrx_word' id='word_1_202' title='bbox 1581 1133 1811 1177; x_wconf 83' lang='lat' dir='ltr'>perspicimus,</span> <span class='ocrx_word' id='word_1_203' title='bbox 1837 1146 1938 1178; x_wconf 85' lang='lat' dir='ltr'>quam</span> 
     </span>
     <span class='ocr_line' id='line_1_19' title="bbox 233 1190 1938 1237; baseline -0.001 -11"><span class='ocrx_word' id='word_1_204' title='bbox 233 1195 318 1226; x_wconf 79' lang='lat' dir='ltr'>varia</span> <span class='ocrx_word' id='word_1_205' title='bbox 344 1194 396 1226; x_wconf 88' lang='lat' dir='ltr'>hic</span> <span class='ocrx_word' id='word_1_206' title='bbox 423 1195 465 1226; x_wconf 83' lang='lat' dir='ltr'>sit</span> <span class='ocrx_word' id='word_1_207' title='bbox 489 1204 697 1237; x_wconf 81' lang='lat' dir='ltr'>squamarum</span> <span class='ocrx_word' id='word_1_208' title='bbox 722 1190 889 1229; x_wconf 76' lang='lat' dir='ltr'>formatio,</span> <span class='ocrx_word' id='word_1_209' title='bbox 921 1203 1027 1234; x_wconf 87' lang='lat' dir='ltr'>neque</span> <span class='ocrx_word' id='word_1_210' title='bbox 1059 1191 1152 1223; x_wconf 85' lang='lat' dir='ltr'>aliter</span> <span class='ocrx_word' id='word_1_211' title='bbox 1184 1204 1296 1223; x_wconf 87' lang='lat' dir='ltr'>earum</span> <span class='ocrx_word' id='word_1_212' title='bbox 1328 1191 1489 1224; x_wconf 89' lang='lat' dir='ltr'>coloratio</span> <span class='ocrx_word' id='word_1_213' title='bbox 1515 1191 1624 1230; x_wconf 87' lang='lat' dir='ltr'>babet,</span> <span class='ocrx_word' id='word_1_214' title='bbox 1652 1203 1753 1235; x_wconf 91' lang='lat' dir='ltr'>quam</span> <span class='ocrx_word' id='word_1_215' title='bbox 1777 1204 1844 1224; x_wconf 91' lang='lat' dir='ltr'>non</span> <span class='ocrx_word' id='word_1_216' title='bbox 1872 1204 1938 1224; x_wconf 80' lang='lat' dir='ltr'>arn-</span> 
     </span>
     <span class='ocr_line' id='line_1_20' title="bbox 234 1248 996 1296; baseline -0.005 -12"><span class='ocrx_word' id='word_1_217' title='bbox 234 1253 318 1296; x_wconf 84' lang='lat' dir='ltr'>plius</span> <span class='ocrx_word' id='word_1_218' title='bbox 345 1253 523 1284; x_wconf 88' lang='lat' dir='ltr'>admodum</span> <span class='ocrx_word' id='word_1_219' title='bbox 548 1250 755 1294; x_wconf 86' lang='lat' dir='ltr'>praecipuam</span> <span class='ocrx_word' id='word_1_220' title='bbox 781 1248 889 1280; x_wconf 84' lang='lat' dir='ltr'>dicere</span> <span class='ocrx_word' id='word_1_221' title='bbox 913 1248 996 1280; x_wconf 61' lang='lat' dir='ltr'>licet⁴</span> 
     </span>
    </p>

    <p class='ocr_par' dir='ltr' id='par_1_4' title="bbox 232 1307 1938 2160">
     <span class='ocr_line' id='line_1_21' title="bbox 391 1307 1937 1351; baseline -0.001 -9"><span class='ocrx_word' id='word_1_222' title='bbox 391 1309 633 1342; x_wconf 87' lang='lat' dir='ltr'>Tantummodo</span> <span class='ocrx_word' id='word_1_223' title='bbox 659 1319 758 1340; x_wconf 62' lang='lat' dir='ltr'>coxae</span> <span class='ocrx_word' id='word_1_224' title='bbox 782 1307 903 1349; x_wconf 85' lang='lat' dir='ltr'>pedum</span> <span class='ocrx_word' id='word_1_225' title='bbox 929 1307 1112 1339; x_wconf 78' lang='lat' dir='ltr'>anticorum</span> <span class='ocrx_word' id='word_1_226' title='bbox 1139 1307 1203 1351; x_wconf 70' lang='lat' dir='ltr'>(fig.</span> <span class='ocrx_word' id='word_1_227' title='bbox 1224 1307 1337 1347; x_wconf 51' lang='lat'><em>2201.)</em></span> <span class='ocrx_word' id='word_1_228' title='bbox 1365 1313 1515 1340; x_wconf 80' lang='lat' dir='ltr'>exsertae</span> <span class='ocrx_word' id='word_1_229' title='bbox 1547 1320 1584 1339; x_wconf 90' lang='lat' dir='ltr'>ac</span> <span class='ocrx_word' id='word_1_230' title='bbox 1614 1308 1754 1351; x_wconf 85' lang='lat' dir='ltr'>desuper</span> <span class='ocrx_word' id='word_1_231' title='bbox 1779 1308 1937 1341; x_wconf 88' lang='lat' dir='ltr'>deorsum</span> 
     </span>
     <span class='ocr_line' id='line_1_22' title="bbox 233 1364 1938 1410; baseline -0.001 -11"><span class='ocrx_word' id='word_1_232' title='bbox 233 1379 443 1410; x_wconf 83' lang='lat' dir='ltr'>compressae</span> <span class='ocrx_word' id='word_1_233' title='bbox 467 1372 552 1405; x_wconf 75' lang='lat' dir='ltr'>sunt,</span> <span class='ocrx_word' id='word_1_234' title='bbox 579 1366 655 1398; x_wconf 88' lang='lat' dir='ltr'>dmn</span> <span class='ocrx_word' id='word_1_235' title='bbox 681 1377 783 1397; x_wconf 79' lang='lat' dir='ltr'>coxae</span> <span class='ocrx_word' id='word_1_236' title='bbox 807 1364 927 1408; x_wconf 87' lang='lat' dir='ltr'>pedum</span> <span class='ocrx_word' id='word_1_237' title='bbox 952 1365 1154 1408; x_wconf 86' lang='lat' dir='ltr'>reliquorum</span> <span class='ocrx_word' id='word_1_238' title='bbox 1181 1378 1257 1397; x_wconf 87' lang='lat' dir='ltr'>eum</span> <span class='ocrx_word' id='word_1_239' title='bbox 1281 1365 1490 1398; x_wconf 85' lang='lat' dir='ltr'>inferioribus</span> <span class='ocrx_word' id='word_1_240' title='bbox 1515 1366 1661 1410; x_wconf 86' lang='lat' dir='ltr'>pectoris</span> <span class='ocrx_word' id='word_1_241' title='bbox 1686 1365 1834 1410; x_wconf 86' lang='lat' dir='ltr'>partibus</span> <span class='ocrx_word' id='word_1_242' title='bbox 1860 1378 1938 1398; x_wconf 87' lang='lat' dir='ltr'>con—</span> 
     </span>
     <span class='ocr_line' id='line_1_23' title="bbox 233 1423 1936 1468; baseline -0.001 -10"><span class='ocrx_word' id='word_1_243' title='bbox 233 1430 409 1458; x_wconf 75' lang='lat' dir='ltr'>creverunt.</span> <span class='ocrx_word' id='word_1_244' title='bbox 455 1424 570 1457; x_wconf 77' lang='lat' dir='ltr'>itidem</span> <span class='ocrx_word' id='word_1_245' title='bbox 593 1426 715 1468; x_wconf 79' lang='lat' dir='ltr'>femora</span> <span class='ocrx_word' id='word_1_246' title='bbox 739 1428 815 1455; x_wconf 85' lang='lat' dir='ltr'>sunt</span> <span class='ocrx_word' id='word_1_247' title='bbox 840 1434 1031 1466; x_wconf 85' lang='lat' dir='ltr'>compressa</span> <span class='ocrx_word' id='word_1_248' title='bbox 1062 1428 1160 1466; x_wconf 86' lang='lat' dir='ltr'>atque</span> <span class='ocrx_word' id='word_1_249' title='bbox 1190 1423 1265 1467; x_wconf 85' lang='lat' dir='ltr'>plns</span> <span class='ocrx_word' id='word_1_250' title='bbox 1297 1423 1450 1456; x_wconf 76' lang='lat' dir='ltr'>minusve</span> <span class='ocrx_word' id='word_1_251' title='bbox 1475 1423 1574 1456; x_wconf 78' lang='lat' dir='ltr'>etiam</span> <span class='ocrx_word' id='word_1_252' title='bbox 1600 1425 1709 1463; x_wconf 78' lang='lat' dir='ltr'>tibiae,</span> <span class='ocrx_word' id='word_1_253' title='bbox 1741 1424 1936 1468; x_wconf 86' lang='lat' dir='ltr'>praesertim</span> 
     </span>
     <span class='ocr_line' id='line_1_24' title="bbox 232 1480 1935 1526; baseline 0 -11"><span class='ocrx_word' id='word_1_254' title='bbox 232 1484 413 1516; x_wconf 89' lang='lat' dir='ltr'>mediorum</span> <span class='ocrx_word' id='word_1_255' title='bbox 438 1483 705 1526; x_wconf 85' lang='lat' dir='ltr'>posticorumque</span> <span class='ocrx_word' id='word_1_256' title='bbox 729 1481 850 1525; x_wconf 85' lang='lat' dir='ltr'>pedum</span> <span class='ocrx_word' id='word_1_257' title='bbox 874 1480 1011 1523; x_wconf 86' lang='lat' dir='ltr'>parium,</span> <span class='ocrx_word' id='word_1_258' title='bbox 1037 1481 1092 1513; x_wconf 83' lang='lat' dir='ltr'>ubi</span> <span class='ocrx_word' id='word_1_259' title='bbox 1118 1487 1226 1513; x_wconf 86' lang='lat' dir='ltr'>tamen</span> <span class='ocrx_word' id='word_1_260' title='bbox 1252 1482 1457 1526; x_wconf 80' lang='lat' dir='ltr'>compressio</span> <span class='ocrx_word' id='word_1_261' title='bbox 1483 1481 1594 1525; x_wconf 84' lang='lat' dir='ltr'>potius</span> <span class='ocrx_word' id='word_1_262' title='bbox 1619 1482 1764 1515; x_wconf 85' lang='lat' dir='ltr'>lateralis</span> <span class='ocrx_word' id='word_1_263' title='bbox 1789 1487 1935 1526; x_wconf 82' lang='lat' dir='ltr'>apparet.</span> 
     </span>
     <span class='ocr_line' id='line_1_25' title="bbox 232 1538 1936 1585; baseline 0 -12"><span class='ocrx_word' id='word_1_264' title='bbox 232 1542 264 1573; x_wconf 93' lang='lat' dir='ltr'>ln</span> <span class='ocrx_word' id='word_1_265' title='bbox 290 1541 377 1573; x_wconf 90' lang='lat' dir='ltr'>tibiis</span> <span class='ocrx_word' id='word_1_266' title='bbox 402 1541 522 1585; x_wconf 91' lang='lat' dir='ltr'>pedum</span> <span class='ocrx_word' id='word_1_267' title='bbox 547 1540 727 1572; x_wconf 86' lang='lat' dir='ltr'>anticorum</span> <span class='ocrx_word' id='word_1_268' title='bbox 753 1540 906 1571; x_wconf 83' lang='lat' dir='ltr'>deorsum</span> <span class='ocrx_word' id='word_1_269' title='bbox 932 1544 963 1570; x_wconf 87' lang='lat' dir='ltr'>et</span> <span class='ocrx_word' id='word_1_270' title='bbox 987 1538 1060 1581; x_wconf 86' lang='lat' dir='ltr'>plus</span> <span class='ocrx_word' id='word_1_271' title='bbox 1087 1540 1148 1571; x_wconf 92' lang='lat' dir='ltr'>sub</span> <span class='ocrx_word' id='word_1_272' title='bbox 1172 1539 1270 1572; x_wconf 91' lang='lat' dir='ltr'>finem</span> <span class='ocrx_word' id='word_1_273' title='bbox 1294 1551 1411 1572; x_wconf 78' lang='lat' dir='ltr'>versus</span> <span class='ocrx_word' id='word_1_274' title='bbox 1436 1539 1545 1571; x_wconf 83' lang='lat' dir='ltr'>tenuis</span> <span class='ocrx_word' id='word_1_275' title='bbox 1572 1552 1648 1583; x_wconf 85' lang='lat' dir='ltr'>pars</span> <span class='ocrx_word' id='word_1_276' title='bbox 1675 1540 1770 1583; x_wconf 91' lang='lat' dir='ltr'>plana</span> <span class='ocrx_word' id='word_1_277' title='bbox 1797 1540 1859 1572; x_wconf 85' lang='lat' dir='ltr'>sita</span> <span class='ocrx_word' id='word_1_278' title='bbox 1885 1546 1936 1573; x_wconf 83' lang='lat' dir='ltr'>est</span> 
     </span>
     <span class='ocr_line' id='line_1_26' title="bbox 233 1595 1937 1643; baseline 0 -13"><span class='ocrx_word' id='word_1_279' title='bbox 233 1599 298 1643; x_wconf 64' lang='lat' dir='ltr'>(fig.</span> <span class='ocrx_word' id='word_1_280' title='bbox 324 1601 375 1632; x_wconf 79' lang='lat'>27.</span> <span class='ocrx_word' id='word_1_281' title='bbox 399 1600 455 1637; x_wconf 69' lang='grc'><strong>(1.),</strong></span> <span class='ocrx_word' id='word_1_282' title='bbox 480 1610 563 1642; x_wconf 87' lang='lat' dir='ltr'>quae</span> <span class='ocrx_word' id='word_1_283' title='bbox 587 1597 717 1629; x_wconf 84' lang='lat' dir='ltr'>mobilis</span> <span class='ocrx_word' id='word_1_284' title='bbox 742 1597 774 1628; x_wconf 88' lang='lat' dir='ltr'>in</span> <span class='ocrx_word' id='word_1_285' title='bbox 798 1595 870 1627; x_wconf 85' lang='lat' dir='ltr'>basi</span> <span class='ocrx_word' id='word_1_286' title='bbox 895 1608 953 1627; x_wconf 88' lang='lat' dir='ltr'>sna</span> <span class='ocrx_word' id='word_1_287' title='bbox 979 1595 1106 1629; x_wconf 87' lang='lat' dir='ltr'>inversa</span> <span class='ocrx_word' id='word_1_288' title='bbox 1138 1603 1169 1629; x_wconf 83' lang='lat' dir='ltr'>et</span> <span class='ocrx_word' id='word_1_289' title='bbox 1200 1598 1233 1629; x_wconf 90' lang='lat' dir='ltr'>in</span> <span class='ocrx_word' id='word_1_290' title='bbox 1263 1597 1315 1642; x_wconf 82' lang='lat' dir='ltr'>fig.</span> <span class='ocrx_word' id='word_1_291' title='bbox 1341 1599 1393 1631; x_wconf 83' lang='lat'>28.</span> <span class='ocrx_word' id='word_1_292' title='bbox 1419 1597 1560 1629; x_wconf 84' lang='lat' dir='ltr'>multum</span> <span class='ocrx_word' id='word_1_293' title='bbox 1591 1604 1802 1641; x_wconf 83' lang='lat' dir='ltr'>augmentata</span> <span class='ocrx_word' id='word_1_294' title='bbox 1835 1604 1937 1642; x_wconf 86' lang='lat' dir='ltr'>atque</span> 
     </span>
     <span class='ocr_line' id='line_1_27' title="bbox 232 1655 1934 1698; baseline 0.001 -11"><span class='ocrx_word' id='word_1_295' title='bbox 232 1671 247 1687; x_wconf 75' lang='lat' dir='ltr'>a</span> <span class='ocrx_word' id='word_1_296' title='bbox 280 1657 358 1689; x_wconf 84' lang='lat' dir='ltr'>tibia</span> <span class='ocrx_word' id='word_1_297' title='bbox 394 1663 517 1689; x_wconf 86' lang='lat' dir='ltr'>remota</span> <span class='ocrx_word' id='word_1_298' title='bbox 555 1662 613 1689; x_wconf 82' lang='lat' dir='ltr'>est..</span> <span class='ocrx_word' id='word_1_299' title='bbox 660 1655 747 1687; x_wconf 87' lang='lat' dir='ltr'>Ilaec</span> <span class='ocrx_word' id='word_1_300' title='bbox 784 1666 875 1697; x_wconf 73' lang='lat' dir='ltr'>pars,</span> <span class='ocrx_word' id='word_1_301' title='bbox 912 1655 1036 1688; x_wconf 81' lang='lat' dir='ltr'>lamella</span> <span class='ocrx_word' id='word_1_302' title='bbox 1073 1656 1192 1698; x_wconf 64' lang='lat' dir='ltr'>tibialis</span> <span class='ocrx_word' id='word_1_303' title='bbox 1222 1655 1600 1697; x_wconf 70' lang='lat' dir='ltr'>(Schlenenblattchen)</span> <span class='ocrx_word' id='word_1_304' title='bbox 1631 1656 1670 1687; x_wconf 87' lang='lat' dir='ltr'>ab</span> <span class='ocrx_word' id='word_1_305' title='bbox 1701 1656 1934 1689; x_wconf 78' lang='lat' dir='ltr'>Hertichio-</span> 
     </span>
     <span class='ocr_line' id='line_1_28' title="bbox 234 1713 1933 1757; baseline 0.001 -12"><span class='ocrx_word' id='word_1_306' title='bbox 234 1714 475 1746; x_wconf 63' lang='lat' dir='ltr'>Schaeft&#39;ero</span> <span class='ocrx_word' id='word_1_307' title='bbox 501 1714 669 1757; x_wconf 80' lang='lat' dir='ltr'>appellata.</span> <span class='ocrx_word' id='word_1_308' title='bbox 696 1713 838 1745; x_wconf 84' lang='lat' dir='ltr'>fortasse</span> <span class='ocrx_word' id='word_1_309' title='bbox 863 1713 1096 1745; x_wconf 75' lang='lat' dir='ltr'>scandentibus</span> <span class='ocrx_word' id='word_1_310' title='bbox 1122 1714 1327 1746; x_wconf 83' lang='lat' dir='ltr'>animalculis</span> <span class='ocrx_word' id='word_1_311' title='bbox 1352 1713 1495 1746; x_wconf 88' lang='lat' dir='ltr'>fulcrum</span> <span class='ocrx_word' id='word_1_312' title='bbox 1525 1718 1575 1745; x_wconf 85' lang='lat' dir='ltr'>est</span> <span class='ocrx_word' id='word_1_313' title='bbox 1605 1719 1637 1745; x_wconf 88' lang='lat' dir='ltr'>et</span> <span class='ocrx_word' id='word_1_314' title='bbox 1667 1715 1754 1757; x_wconf 89' lang='lat' dir='ltr'>apud</span> <span class='ocrx_word' id='word_1_315' title='bbox 1785 1714 1933 1746; x_wconf 82' lang='lat' dir='ltr'>diversas</span> 
     </span>
     <span class='ocr_line' id='line_1_29' title="bbox 236 1771 1934 1815; baseline 0 -12"><span class='ocrx_word' id='word_1_316' title='bbox 236 1772 359 1815; x_wconf 65' lang='lat' dir='ltr'>species</span> <span class='ocrx_word' id='word_1_317' title='bbox 385 1778 455 1803; x_wconf 90' lang='lat' dir='ltr'>tum</span> <span class='ocrx_word' id='word_1_318' title='bbox 481 1771 564 1815; x_wconf 73' lang='lat' dir='ltr'>plus,</span> <span class='ocrx_word' id='word_1_319' title='bbox 589 1777 657 1803; x_wconf 91' lang='lat' dir='ltr'>tum</span> <span class='ocrx_word' id='word_1_320' title='bbox 683 1771 791 1802; x_wconf 83' lang='lat' dir='ltr'>minus</span> <span class='ocrx_word' id='word_1_321' title='bbox 816 1771 913 1814; x_wconf 76' lang='lat' dir='ltr'>longa</span> <span class='ocrx_word' id='word_1_322' title='bbox 939 1771 1113 1815; x_wconf 81' lang='lat' dir='ltr'>tenuisque</span> <span class='ocrx_word' id='word_1_323' title='bbox 1137 1772 1310 1805; x_wconf 81' lang='lat' dir='ltr'>invenitur.</span> <span class='ocrx_word' id='word_1_324' title='bbox 1349 1772 1383 1804; x_wconf 83' lang='lat' dir='ltr'>In</span> <span class='ocrx_word' id='word_1_325' title='bbox 1408 1771 1470 1803; x_wconf 83' lang='lat' dir='ltr'>tine</span> <span class='ocrx_word' id='word_1_326' title='bbox 1496 1776 1606 1803; x_wconf 75' lang='lat' dir='ltr'>autem</span> <span class='ocrx_word' id='word_1_327' title='bbox 1630 1771 1786 1804; x_wconf 88' lang='lat' dir='ltr'>tibiarum</span> <span class='ocrx_word' id='word_1_328' title='bbox 1809 1772 1934 1815; x_wconf 86' lang='lat' dir='ltr'>pedum</span> 
     </span>
     <span class='ocr_line' id='line_1_30' title="bbox 234 1828 1933 1873; baseline 0.001 -13"><span class='ocrx_word' id='word_1_329' title='bbox 234 1830 410 1861; x_wconf 85' lang='lat' dir='ltr'>mediorum</span> <span class='ocrx_word' id='word_1_330' title='bbox 442 1835 473 1861; x_wconf 84' lang='lat' dir='ltr'>et</span> <span class='ocrx_word' id='word_1_331' title='bbox 503 1829 634 1873; x_wconf 85' lang='lat' dir='ltr'>quidem</span> <span class='ocrx_word' id='word_1_332' title='bbox 666 1829 697 1860; x_wconf 89' lang='lat' dir='ltr'>in</span> <span class='ocrx_word' id='word_1_333' title='bbox 728 1828 919 1873; x_wconf 79' lang='lat' dir='ltr'>angustiore</span> <span class='ocrx_word' id='word_1_334' title='bbox 956 1830 1101 1873; x_wconf 72' lang='lat' dir='ltr'>margine</span> <span class='ocrx_word' id='word_1_335' title='bbox 1130 1830 1283 1862; x_wconf 82' lang='lat' dir='ltr'>inferiore</span> <span class='ocrx_word' id='word_1_336' title='bbox 1313 1830 1378 1862; x_wconf 90' lang='lat' dir='ltr'>duo</span> <span class='ocrx_word' id='word_1_337' title='bbox 1410 1829 1550 1862; x_wconf 80' lang='lat' dir='ltr'>calcaria</span> <span class='ocrx_word' id='word_1_338' title='bbox 1579 1829 1708 1862; x_wconf 74' lang='lat' dir='ltr'>inversa</span> <span class='ocrx_word' id='word_1_339' title='bbox 1739 1829 1933 1873; x_wconf 76' lang='lat' dir='ltr'>reperimus,</span> 
     </span>
     <span class='ocr_line' id='line_1_31' title="bbox 234 1886 1932 1931; baseline 0.001 -14"><span class='ocrx_word' id='word_1_340' title='bbox 234 1900 370 1930; x_wconf 87' lang='lat' dir='ltr'>qnorum</span> <span class='ocrx_word' id='word_1_341' title='bbox 396 1887 526 1931; x_wconf 79' lang='lat' dir='ltr'>longius</span> <span class='ocrx_word' id='word_1_342' title='bbox 551 1887 739 1925; x_wconf 76' lang='lat' dir='ltr'>introrsum,</span> <span class='ocrx_word' id='word_1_343' title='bbox 766 1886 902 1918; x_wconf 88' lang='lat' dir='ltr'>dimidio</span> <span class='ocrx_word' id='word_1_344' title='bbox 927 1887 992 1919; x_wconf 88' lang='lat' dir='ltr'>fere</span> <span class='ocrx_word' id='word_1_345' title='bbox 1017 1888 1148 1920; x_wconf 71' lang='lat' dir='ltr'>brevius</span> <span class='ocrx_word' id='word_1_346' title='bbox 1181 1894 1368 1921; x_wconf 82' lang='lat' dir='ltr'>extrorsum</span> <span class='ocrx_word' id='word_1_347' title='bbox 1399 1887 1515 1931; x_wconf 69' lang='lat' dir='ltr'>vergit.</span> <span class='ocrx_word' id='word_1_348' title='bbox 1562 1887 1687 1920; x_wconf 87' lang='lat' dir='ltr'>Eadem</span> <span class='ocrx_word' id='word_1_349' title='bbox 1717 1887 1862 1931; x_wconf 87' lang='lat' dir='ltr'>speciem</span> <span class='ocrx_word' id='word_1_350' title='bbox 1887 1892 1932 1919; x_wconf 88' lang='lat' dir='ltr'>te-</span> 
     </span>
     <span class='ocr_line' id='line_1_32' title="bbox 233 1944 1934 1989; baseline 0.001 -13"><span class='ocrx_word' id='word_1_351' title='bbox 233 1945 381 1976; x_wconf 84' lang='lat' dir='ltr'>nuissimi</span> <span class='ocrx_word' id='word_1_352' title='bbox 405 1945 494 1988; x_wconf 72' lang='lat' dir='ltr'>longi</span> <span class='ocrx_word' id='word_1_353' title='bbox 519 1945 654 1988; x_wconf 67' lang='lat' dir='ltr'>cylindri</span> <span class='ocrx_word' id='word_1_354' title='bbox 680 1958 696 1977; x_wconf 88' lang='lat' dir='ltr'>a</span> <span class='ocrx_word' id='word_1_355' title='bbox 721 1951 813 1989; x_wconf 85' lang='lat' dir='ltr'>parte</span> <span class='ocrx_word' id='word_1_356' title='bbox 837 1945 943 1977; x_wconf 84' lang='lat' dir='ltr'>antica</span> <span class='ocrx_word' id='word_1_357' title='bbox 969 1946 1145 1978; x_wconf 87' lang='lat' dir='ltr'>acuminati</span> <span class='ocrx_word' id='word_1_358' title='bbox 1170 1946 1302 1978; x_wconf 86' lang='lat' dir='ltr'>habent.</span> <span class='ocrx_word' id='word_1_359' title='bbox 1342 1945 1457 1978; x_wconf 88' lang='lat' dir='ltr'>Tibiae</span> <span class='ocrx_word' id='word_1_360' title='bbox 1482 1957 1617 1989; x_wconf 87' lang='lat' dir='ltr'>quoque</span> <span class='ocrx_word' id='word_1_361' title='bbox 1640 1946 1763 1989; x_wconf 90' lang='lat' dir='ltr'>pedum</span> <span class='ocrx_word' id='word_1_362' title='bbox 1786 1944 1934 1988; x_wconf 81' lang='lat' dir='ltr'>postico-</span> 
     </span>
     <span class='ocr_line' id='line_1_33' title="bbox 233 2002 1933 2047; baseline 0.001 -14"><span class='ocrx_word' id='word_1_363' title='bbox 233 2015 304 2033; x_wconf 90' lang='lat' dir='ltr'>rum</span> <span class='ocrx_word' id='word_1_364' title='bbox 329 2002 443 2034; x_wconf 86' lang='lat' dir='ltr'>eodem</span> <span class='ocrx_word' id='word_1_365' title='bbox 467 2003 498 2034; x_wconf 91' lang='lat' dir='ltr'>in</span> <span class='ocrx_word' id='word_1_366' title='bbox 522 2003 597 2035; x_wconf 87' lang='lat' dir='ltr'>loco</span> <span class='ocrx_word' id='word_1_367' title='bbox 623 2015 679 2046; x_wconf 88' lang='lat' dir='ltr'>par</span> <span class='ocrx_word' id='word_1_368' title='bbox 704 2003 879 2035; x_wconf 87' lang='lat' dir='ltr'>calcarium</span> <span class='ocrx_word' id='word_1_369' title='bbox 905 2003 1001 2046; x_wconf 88' lang='lat' dir='ltr'>plane</span> <span class='ocrx_word' id='word_1_370' title='bbox 1025 2017 1209 2047; x_wconf 76' lang='lat' dir='ltr'>congruum</span> <span class='ocrx_word' id='word_1_371' title='bbox 1227 2004 1379 2041; x_wconf 81' lang='lat' dir='ltr'>offerunt,</span> <span class='ocrx_word' id='word_1_372' title='bbox 1405 2004 1463 2036; x_wconf 86' lang='lat' dir='ltr'>sed</span> <span class='ocrx_word' id='word_1_373' title='bbox 1480 2004 1616 2047; x_wconf 85' lang='lat' dir='ltr'>insuper</span> <span class='ocrx_word' id='word_1_374' title='bbox 1632 2003 1730 2035; x_wconf 80' lang='lat' dir='ltr'>etiam</span> <span class='ocrx_word' id='word_1_375' title='bbox 1748 2015 1933 2046; x_wconf 83' lang='lat' dir='ltr'>congruum</span> 
     </span>
     <span class='ocr_line' id='line_1_34' title="bbox 233 2060 1933 2106; baseline 0.001 -15"><span class='ocrx_word' id='word_1_376' title='bbox 233 2060 263 2091; x_wconf 90' lang='lat' dir='ltr'>in</span> <span class='ocrx_word' id='word_1_377' title='bbox 289 2060 396 2092; x_wconf 89' lang='lat' dir='ltr'>medio</span> <span class='ocrx_word' id='word_1_378' title='bbox 422 2060 546 2092; x_wconf 84' lang='lat' dir='ltr'>circiter</span> <span class='ocrx_word' id='word_1_379' title='bbox 570 2061 715 2104; x_wconf 71' lang='lat' dir='ltr'>margine</span> <span class='ocrx_word' id='word_1_380' title='bbox 739 2060 888 2093; x_wconf 79' lang='lat' dir='ltr'>inferiore</span> <span class='ocrx_word' id='word_1_381' title='bbox 913 2066 1030 2099; x_wconf 71' lang='lat' dir='ltr'>exstat,</span> <span class='ocrx_word' id='word_1_382' title='bbox 1056 2062 1150 2094; x_wconf 85' lang='lat' dir='ltr'>cuins</span> <span class='ocrx_word' id='word_1_383' title='bbox 1175 2062 1262 2106; x_wconf 86' lang='lat' dir='ltr'>paris</span> <span class='ocrx_word' id='word_1_384' title='bbox 1282 2061 1410 2105; x_wconf 78' lang='lat' dir='ltr'>singula</span> <span class='ocrx_word' id='word_1_385' title='bbox 1428 2062 1529 2093; x_wconf 88' lang='lat' dir='ltr'>modo</span> <span class='ocrx_word' id='word_1_386' title='bbox 1547 2061 1686 2094; x_wconf 85' lang='lat' dir='ltr'>calcaria</span> <span class='ocrx_word' id='word_1_387' title='bbox 1711 2060 1827 2093; x_wconf 85' lang='lat' dir='ltr'>ceteris</span> <span class='ocrx_word' id='word_1_388' title='bbox 1854 2073 1933 2093; x_wconf 90' lang='lat' dir='ltr'>non-</span> 
     </span>
     <span class='ocr_line' id='line_1_35' title="bbox 233 2117 592 2160; baseline 0.006 -12"><span class='ocrx_word' id='word_1_389' title='bbox 233 2117 311 2149; x_wconf 87' lang='lat' dir='ltr'>nihil</span> <span class='ocrx_word' id='word_1_390' title='bbox 336 2117 483 2160; x_wconf 75' lang='lat' dir='ltr'>longiora</span> <span class='ocrx_word' id='word_1_391' title='bbox 509 2124 592 2150; x_wconf 84' lang='lat' dir='ltr'>sunt.</span> 
     </span>
    </p>

    <p class='ocr_par' dir='ltr' id='par_1_5' title="bbox 234 2176 1935 2452">
     <span class='ocr_line' id='line_1_36' title="bbox 394 2176 1932 2220; baseline 0 -12"><span class='ocrx_word' id='word_1_392' title='bbox 394 2176 485 2208; x_wconf 81' lang='lat' dir='ltr'>Tarsi</span> <span class='ocrx_word' id='word_1_393' title='bbox 515 2176 657 2207; x_wconf 87' lang='lat' dir='ltr'>omnium</span> <span class='ocrx_word' id='word_1_394' title='bbox 688 2176 808 2219; x_wconf 84' lang='lat' dir='ltr'>pedum</span> <span class='ocrx_word' id='word_1_395' title='bbox 838 2188 876 2207; x_wconf 77' lang='lat' dir='ltr'>ex</span> <span class='ocrx_word' id='word_1_396' title='bbox 908 2176 1051 2220; x_wconf 89' lang='lat' dir='ltr'>quinque</span> <span class='ocrx_word' id='word_1_397' title='bbox 1083 2183 1233 2209; x_wconf 77' lang='lat' dir='ltr'>constant</span> <span class='ocrx_word' id='word_1_398' title='bbox 1267 2177 1430 2215; x_wconf 79' lang='lat' dir='ltr'>articulis,</span> <span class='ocrx_word' id='word_1_399' title='bbox 1467 2188 1607 2220; x_wconf 88' lang='lat' dir='ltr'>quorum</span> <span class='ocrx_word' id='word_1_400' title='bbox 1643 2176 1766 2219; x_wconf 87' lang='lat' dir='ltr'>primus</span> <span class='ocrx_word' id='word_1_401' title='bbox 1795 2176 1932 2220; x_wconf 88' lang='lat' dir='ltr'>reliquis</span> 
     </span>
     <span class='ocr_line' id='line_1_37' title="bbox 235 2233 1932 2278; baseline 0.002 -15"><span class='ocrx_word' id='word_1_402' title='bbox 235 2244 361 2276; x_wconf 77' lang='lat' dir='ltr'>semper</span> <span class='ocrx_word' id='word_1_403' title='bbox 385 2233 489 2264; x_wconf 86' lang='lat' dir='ltr'>multo</span> <span class='ocrx_word' id='word_1_404' title='bbox 514 2233 640 2276; x_wconf 76' lang='lat' dir='ltr'>longior</span> <span class='ocrx_word' id='word_1_405' title='bbox 665 2234 786 2266; x_wconf 81' lang='lat' dir='ltr'>existit.</span> <span class='ocrx_word' id='word_1_406' title='bbox 835 2234 962 2266; x_wconf 63' lang='lat' dir='ltr'>suncti.</span> <span class='ocrx_word' id='word_1_407' title='bbox 978 2235 1029 2267; x_wconf 83' lang='lat' dir='ltr'>vel</span> <span class='ocrx_word' id='word_1_408' title='bbox 1053 2235 1145 2278; x_wconf 89' lang='lat' dir='ltr'>plus,</span> <span class='ocrx_word' id='word_1_409' title='bbox 1176 2235 1228 2268; x_wconf 77' lang='lat' dir='ltr'>vel</span> <span class='ocrx_word' id='word_1_410' title='bbox 1253 2235 1361 2267; x_wconf 90' lang='lat' dir='ltr'>minus</span> <span class='ocrx_word' id='word_1_411' title='bbox 1393 2235 1497 2267; x_wconf 80' lang='lat' dir='ltr'>forma</span> <span class='ocrx_word' id='word_1_412' title='bbox 1527 2239 1603 2266; x_wconf 89' lang='lat' dir='ltr'>sunt</span> <span class='ocrx_word' id='word_1_413' title='bbox 1628 2233 1804 2277; x_wconf 75' lang='lat' dir='ltr'>cylindrica</span> <span class='ocrx_word' id='word_1_414' title='bbox 1831 2239 1863 2266; x_wconf 82' lang='lat' dir='ltr'>et</span> <span class='ocrx_word' id='word_1_415' title='bbox 1886 2233 1932 2266; x_wconf 91' lang='lat' dir='ltr'>iu-</span> 
     </span>
     <span class='ocr_line' id='line_1_38' title="bbox 234 2289 1935 2336; baseline 0.002 -15"><span class='ocrx_word' id='word_1_416' title='bbox 234 2289 330 2321; x_wconf 83' lang='lat' dir='ltr'>ferius</span> <span class='ocrx_word' id='word_1_417' title='bbox 363 2295 449 2322; x_wconf 82' lang='lat' dir='ltr'>setas</span> <span class='ocrx_word' id='word_1_418' title='bbox 476 2290 541 2334; x_wconf 77' lang='lat' dir='ltr'>(fig.</span> <span class='ocrx_word' id='word_1_419' title='bbox 566 2291 616 2322; x_wconf 72' lang='lat'>27.</span> <span class='ocrx_word' id='word_1_420' title='bbox 642 2295 678 2329; x_wconf 79' lang='lat' dir='ltr'>e.)</span> <span class='ocrx_word' id='word_1_421' title='bbox 705 2292 877 2335; x_wconf 86' lang='lat' dir='ltr'>accipiunt.</span> <span class='ocrx_word' id='word_1_422' title='bbox 903 2305 986 2336; x_wconf 85' lang='lat' dir='ltr'>quae</span> <span class='ocrx_word' id='word_1_423' title='bbox 1011 2293 1151 2326; x_wconf 88' lang='lat' dir='ltr'>mobiles</span> <span class='ocrx_word' id='word_1_424' title='bbox 1176 2293 1325 2326; x_wconf 73' lang='lat' dir='ltr'>inversae</span> <span class='ocrx_word' id='word_1_425' title='bbox 1351 2298 1437 2331; x_wconf 79' lang='lat' dir='ltr'>sunt,</span> <span class='ocrx_word' id='word_1_426' title='bbox 1461 2298 1497 2324; x_wconf 87' lang='lat' dir='ltr'>ut</span> <span class='ocrx_word' id='word_1_427' title='bbox 1521 2292 1554 2324; x_wconf 90' lang='lat' dir='ltr'>in</span> <span class='ocrx_word' id='word_1_428' title='bbox 1577 2291 1631 2336; x_wconf 83' lang='lat' dir='ltr'>fig.</span> <span class='ocrx_word' id='word_1_429' title='bbox 1650 2293 1701 2326; x_wconf 79' lang='lat'>29.</span> <span class='ocrx_word' id='word_1_430' title='bbox 1727 2304 1756 2326; x_wconf 88' lang='grc' dir='ltr'>α.</span> <span class='ocrx_word' id='word_1_431' title='bbox 1783 2297 1935 2336; x_wconf 86' lang='lat' dir='ltr'>spectare</span> 
     </span>
     <span class='ocr_line' id='line_1_39' title="bbox 234 2346 1932 2395; baseline 0.002 -18"><span class='ocrx_word' id='word_1_432' title='bbox 234 2346 318 2379; x_wconf 84' lang='lat' dir='ltr'>licet.</span> <span class='ocrx_word' id='word_1_433' title='bbox 365 2347 540 2379; x_wconf 85' lang='lat' dir='ltr'>Extremus</span> <span class='ocrx_word' id='word_1_434' title='bbox 565 2353 726 2380; x_wconf 80' lang='lat' dir='ltr'>tarsorum</span> <span class='ocrx_word' id='word_1_435' title='bbox 757 2349 912 2381; x_wconf 82' lang='lat' dir='ltr'>articulus</span> <span class='ocrx_word' id='word_1_436' title='bbox 938 2362 1075 2394; x_wconf 67' lang='lat' dir='ltr'>umquem</span> <span class='ocrx_word' id='word_1_437' title='bbox 1098 2351 1175 2389; x_wconf 85' lang='lat' dir='ltr'>fert,</span> <span class='ocrx_word' id='word_1_438' title='bbox 1208 2351 1262 2395; x_wconf 88' lang='lat' dir='ltr'>qui</span> <span class='ocrx_word' id='word_1_439' title='bbox 1287 2351 1429 2395; x_wconf 88' lang='lat' dir='ltr'>primum</span> <span class='ocrx_word' id='word_1_440' title='bbox 1454 2350 1485 2382; x_wconf 87' lang='lat' dir='ltr'>in</span> <span class='ocrx_word' id='word_1_441' title='bbox 1515 2362 1633 2394; x_wconf 79' lang='lat' dir='ltr'>genere</span> <span class='ocrx_word' id='word_1_442' title='bbox 1657 2351 1801 2394; x_wconf 88' lang='lat' dir='ltr'>quodam</span> <span class='ocrx_word' id='word_1_443' title='bbox 1823 2349 1932 2382; x_wconf 87' lang='lat' dir='ltr'>rhizo-</span> 
     </span>
     <span class='ocr_line' id='line_1_40' title="bbox 235 2404 1933 2452; baseline 0.004 -18"><span class='ocrx_word' id='word_1_444' title='bbox 235 2404 341 2446; x_wconf 63' lang='lat' dir='ltr'>nycbii</span> <span class='ocrx_word' id='word_1_445' title='bbox 359 2404 512 2444; x_wconf 84' lang='lat' dir='ltr'>inhaeret,</span> <span class='ocrx_word' id='word_1_446' title='bbox 537 2406 625 2448; x_wconf 87' lang='lat' dir='ltr'>qnod</span> <span class='ocrx_word' id='word_1_447' title='bbox 643 2406 762 2438; x_wconf 89' lang='lat' dir='ltr'>mobile</span> <span class='ocrx_word' id='word_1_448' title='bbox 786 2407 922 2439; x_wconf 86' lang='lat' dir='ltr'>articulo</span> <span class='ocrx_word' id='word_1_449' title='bbox 941 2408 1071 2440; x_wconf 76' lang='lat' dir='ltr'>exeunti</span> <span class='ocrx_word' id='word_1_450' title='bbox 1092 2409 1251 2441; x_wconf 87' lang='lat' dir='ltr'>insertum</span> <span class='ocrx_word' id='word_1_451' title='bbox 1275 2414 1324 2441; x_wconf 76' lang='lat' dir='ltr'>est</span> <span class='ocrx_word' id='word_1_452' title='bbox 1351 2408 1416 2452; x_wconf 80' lang='lat' dir='ltr'><strong>(fig.</strong></span> <span class='ocrx_word' id='word_1_453' title='bbox 1435 2409 1486 2442; x_wconf 81' lang='grc'>29.</span> <span class='ocrx_word' id='word_1_454' title='bbox 1505 2409 1558 2449; x_wconf 84' lang='lat' dir='ltr'>b.).</span> <span class='ocrx_word' id='word_1_455' title='bbox 1600 2409 1671 2441; x_wconf 85' lang='lat' dir='ltr'>Hoc</span> <span class='ocrx_word' id='word_1_456' title='bbox 1688 2408 1933 2452; x_wconf 74' lang='lat' dir='ltr'>rhizonychium</span> 
     </span>
    </p>
   </div>
  </div>
 </body>
</html>
