2087 2777
1059 110 1105 144 14

240 218 461 261 intelligimus.
488 222 629 248 teneram
654 216 774 245 larvam
801 227 839 245 ex
866 227 928 245 ovo
956 224 1162 256 progressam
1188 212 1277 243 nullo
1305 216 1400 254 paeto
1420 211 1572 241 arborum
1600 209 1755 241 corticem
1778 222 1933 253 saepenu-

240 289 327 307 mero
354 274 562 306 durissinmm
589 279 617 303 et
644 272 885 303 crassissimum
913 271 1083 314 perrodere
1108 281 1218 312 posse.
1266 268 1382 312 Neque
1413 274 1585 311 apparatus
1618 268 1657 298 ad
1691 279 1751 298 ova
1781 267 1933 310 parienda

240 332 410 376 papilionis
436 332 581 363 feminae.
608 335 638 361 ut
668 329 820 372 deinceps
848 328 1046 365 videbimus,
1080 327 1148 358 eius
1181 332 1228 359 est
1261 326 1405 368 generis,
1437 332 1473 357 ut
1499 326 1578 357 tales
1605 325 1745 357 cortices
1770 325 1934 368 perforare

241 391 353 422 valeat.
394 390 486 421 [nde
511 388 573 419 iam
601 387 778 419 theoretice
803 391 1075 429 argumentamur,
1102 385 1217 417 saltem
1244 384 1370 427 plantas
1397 383 1574 415 corticibus
1601 383 1777 414 instructas
1796 382 1933 414 crassio-

239 448 337 486 ribus,
364 447 416 479 ubi
442 447 520 477 bace
545 445 735 476 animalcula
762 444 1057 487 deprehendantur.
1091 454 1219 485 semper
1250 442 1355 473 laesas
1383 454 1456 472 esse
1483 441 1614 473 debere.
1646 446 1682 472 ut
1707 452 1820 472 recens
1845 440 1933 472 larva

239 506 277 536 ad
304 510 408 548 partes
436 503 615 540 interiores.
641 514 723 545 quae
749 502 774 532 ei
801 501 990 533 nutriendae
1016 500 1208 537 inserviant,
1241 498 1408 542 pervenire
1433 503 1540 540 queat.
1590 499 1697 541 Atque
1729 498 1813 529 idem
1840 510 1934 541 expe-

238 563 348 594 rientia
374 573 506 604 quoque
533 559 636 591 ubixis
663 560 879 597 confirmatur,
904 558 1053 601 quamvis
1078 557 1239 588 interdum
1265 556 1296 587 in
1321 556 1438 598 plantis
1465 555 1713 594 recentioribus,
1739 556 1793 587 ubi
1819 555 1934 587 laesio-

239 634 294 652 nes
321 619 412 651 facile
438 619 654 650 obduvuntur.
681 617 841 648 difficilius
868 616 908 647 sit
936 616 1171 647 demonstratu.
1221 613 1310 645 Atiae
1341 619 1450 645 autem
1482 613 1626 656 plantae,
1657 614 1747 645 velut
1776 615 1877 645 rubus
1904 619 1935 645 et

239 676 425 720 eupborbia.
453 689 556 707 annua
583 674 831 706 mortificatione
861 673 1061 716 quarundam
1094 671 1232 714 partium
1266 671 1471 713 superiorum
1502 671 1600 703 larvis
1632 671 1662 702 in
1693 678 1801 714 partes
1828 672 1935 703 adbuc

238 740 370 777 vegetas
397 747 470 765 sese
495 733 679 764 insinuandi
705 744 814 763 ansam
841 731 1049 762 commodam
1075 730 1239 772 praebent.

397 794 467 832 Qua
494 791 617 822 ratione
636 795 809 832 postquam
835 801 947 820 reeens
974 788 1058 819 larva
1084 787 1115 818 in
1132 787 1240 830 planta
1259 786 1431 818 nutritoria
1450 787 1561 818 sedem
1581 786 1767 826 collocavit,
1792 787 1935 830 primum

238 862 275 881 ex
303 848 501 881 succulentis
529 848 672 891 partibus
699 848 779 878 inter
804 846 959 877 corticem
987 851 1014 876 et
1042 845 1177 887 lignum.
1204 857 1242 876 ex
1260 844 1396 875 alburno
1423 844 1634 876 nutritionem
1660 844 1811 876 idoneam
1837 845 1934 888 capit.

237 906 419 938 Nonnullae
444 906 603 937 larvarum
630 905 754 948 speeies
781 917 837 947 per
854 909 957 935 totam
984 916 1077 934 suani
1102 902 1201 934 vitam
1220 902 1291 934 istis
1318 902 1349 934 In
1367 903 1515 945 partibus
1540 903 1695 939 resident,
1721 902 1792 934 aliis
1819 908 1935 945 postea

239 964 403 1007 aliquanto
430 963 459 994 in
485 964 591 1006 ipsum
618 963 738 1005 lignum
764 961 1019 1005 penetrantibus,
1046 966 1101 992 aut
1127 961 1196 992 eius
1223 961 1322 991 modo
1349 960 1490 992 medulla
1522 972 1595 992 sese
1622 960 1895 992 sustentantibus.
1910 962 1934 1002 ‘)

237 1022 300 1053 Eas
326 1034 402 1053 vero
429 1021 556 1064 plantae
580 1026 703 1063 partes.
735 1032 817 1063 quae
850 1019 1029 1051 ventriculo
1060 1019 1222 1050 larvarum
1254 1018 1369 1049 confici
1394 1023 1577 1061 nequeant.
1608 1030 1665 1061 per
1697 1030 1794 1049 anum
1826 1017 1936 1061 specie

237 1080 336 1112 faecis
362 1078 509 1111 evacuari
535 1090 668 1109 neeesse
694 1083 752 1109 est.
790 1079 882 1117 Quae
905 1077 977 1109 faex
1003 1088 1041 1108 ex
1060 1075 1195 1119 singulis
1221 1075 1301 1118 ligni
1318 1075 1486 1119 particulis
1505 1081 1672 1113 constans,
1698 1075 1753 1107 ubi
1771 1075 1937 1107 exsiccata

238 1143 304 1175 est,
335 1136 427 1168 facile
459 1136 489 1167 in
522 1149 575 1167 eas
608 1148 718 1167 rursus
751 1135 826 1166 lindi
858 1140 984 1178 potest,
1022 1146 1086 1177 quo
1118 1134 1232 1171 fiebat,
1257 1138 1294 1165 ut
1318 1134 1424 1165 larvas
1451 1133 1611 1165 sesiarum
1636 1139 1764 1165 tantum
1788 1133 1934 1177 liquidos

236 1196 363 1239 plantae
389 1206 507 1225 suecos
534 1206 649 1237 sugere
674 1193 863 1236 solidasque
888 1198 994 1235 partes
1019 1191 1142 1223 ideireo
1169 1192 1278 1223 solum
1302 1192 1486 1234 perroderc,
1512 1197 1546 1223 ut
1564 1197 1711 1224 recentes
1730 1196 1838 1235 partes
1863 1203 1935 1223 suc-

237 1253 382 1285 culentas
409 1250 638 1293 adipiscantur.
666 1264 826 1282 nonnemo
852 1251 1070 1282 arbitraretur.
1120 1252 1227 1290 Quam
1252 1249 1332 1281 falsa
1364 1249 1406 1280 sit
1437 1249 1517 1281 haee
1544 1249 1671 1292 opinio,
1697 1262 1762 1281 non
1790 1255 1840 1282 est
1866 1249 1934 1293 qui-

238 1311 329 1342 dem.
360 1322 416 1341 cur
448 1309 716 1351 eomprobenms7
748 1308 805 1340 sed
837 1308 941 1340 larvas
975 1314 1063 1340 certo
1094 1313 1224 1339 constat
1255 1306 1441 1350 complures
1472 1307 1602 1350 plantae
1630 1312 1739 1350 partes
1766 1307 1935 1346 derodere⁷

237 1380 318 1411 quas
349 1367 380 1398 in
411 1372 555 1398 ventrem
586 1379 650 1398 non
682 1366 867 1398 immittant.
916 1367 1012 1407 Quod
1045 1378 1121 1397 sane
1151 1366 1190 1397 ab
1220 1365 1260 1396 iis
1292 1364 1504 1407 potissimum
1534 1364 1586 1403 fit,
1619 1377 1703 1408 quae
1733 1365 1765 1396 in
1797 1365 1933 1397 alburno

238 1429 490 1461 conunoranmr,
515 1429 544 1455 ut
574 1424 612 1455 ad
639 1424 783 1456 eiusdem
809 1429 916 1466 partes
942 1429 1087 1455 recentes
1114 1423 1358 1467 aggrediantur,
1384 1428 1415 1454 et
1441 1422 1580 1454 maxime
1605 1422 1671 1454 vita
1697 1428 1853 1462 exeunte,
1878 1422 1935 1454 ubi

236 1483 316 1514 haec
342 1481 533 1513 animalcula
560 1493 623 1512 non
648 1481 785 1524 amplius
811 1481 1006 1513 nutrimenta
1033 1481 1180 1524 capiunt.
1212 1486 1248 1512 ut
1273 1486 1305 1512 et
1330 1493 1435 1523 pupae
1460 1485 1572 1523 aptum
1599 1480 1706 1512 cubile
1731 1485 1762 1512 et.
1788 1480 1934 1513 occasio-

236 1552 310 1571 nem
336 1552 373 1571 ex
398 1539 486 1581 ligno
512 1538 695 1582 egrediendi
722 1544 939 1582 opportunam
966 1544 1128 1581 apparent,
1166 1538 1249 1579 Quia
1276 1543 1385 1570 autem
1402 1538 1510 1581 plures
1537 1537 1697 1570 sesiarum
1714 1538 1823 1570 larvae
1846 1539 1935 1570 hunc

238 1598 276 1629 ad
302 1597 398 1629 linem
425 1596 455 1627 in
481 1596 609 1639 plantae
635 1596 790 1639 partibus,
817 1609 900 1640 quac
925 1602 1134 1635 exaruerunt,
1160 1602 1288 1628 meatus
1314 1595 1529 1639 longissimos
1557 1601 1712 1639 apparant
1738 1601 1769 1627 et
1792 1589 1935 1628 fortasse

238 1654 360 1697 passini
392 1653 487 1685 ctiam
520 1653 611 1685 vacui
642 1666 801 1696 poparum
831 1653 966 1686 folliculi
997 1654 1028 1685 in
1059 1654 1177 1697 plantis
1207 1659 1356 1697 tempore
1380 1654 1579 1697 procedente
1602 1654 1732 1697 penitus
1758 1653 1933 1686 exsiccatis

238 1711 453 1749 inveniuntur,
478 1711 552 1742 inde
576 1711 628 1742 illa
655 1712 848 1744 animalcula
874 1713 913 1743 ad
932 1713 1067 1743 modum
1092 1712 1266 1743 nmltarum
1292 1712 1455 1744 larvarum
1472 1712 1667 1744 tineidarum
1685 1711 1783 1743 etiam
1808 1712 1933 1743 demor-

240 1769 301 1800 tuis
327 1769 508 1811 plantarmn
534 1769 678 1812 partibus
704 1769 792 1802 vesci
816 1769 995 1801 iudicatum
1021 1775 1086 1808 est,
1118 1770 1206 1813 quod
1239 1769 1371 1813 quidem
1403 1769 1555 1802 omnibus
1582 1769 1704 1802 exactis
1732 1769 1933 1802 observatio-

238 1826 334 1857 nibus
360 1826 506 1869 praecise
531 1828 696 1859 refutatur.

395 1884 507 1916 Partes
539 1897 604 1916 non
635 1885 772 1927 amplius
803 1885 899 1917 utiles
930 1885 1017 1917 larva
1049 1891 1104 1917 aut
1134 1898 1173 1918 ex
1203 1890 1313 1917 meatu
1346 1897 1406 1917 sno
1438 1885 1541 1923 eiicit,
1572 1891 1627 1917 aut
1658 1885 1779 1918 ibidem
1811 1885 1932 1917 arctius

241 1942 432 1984 comprimit.
479 1942 550 1973 I‘Ioc
576 1948 682 1974 tamen
706 1943 851 1974 nondum
877 1943 1059 1975 accuratius
1086 1944 1296 1975 observatum
1315 1949 1365 1975 est
1390 1956 1427 1975 ac
1453 1948 1578 1975 tantum
1596 1948 1736 1982 constat,
1761 1943 1845 1986 apud
1870 1943 1934 1986 ple-

241 2011 358 2042 rasque
383 2000 523 2041 specics,
555 1999 744 2032 nominatim
776 2001 871 2033 certis
903 2001 1098 2044 quibusdam
1131 2001 1349 2044 temporibus,
1381 2001 1452 2032 illas
1486 2001 1662 2044 particulas
1687 2006 1757 2033 tum
1782 2001 1933 2039 maiores,

242 2063 309 2088 tum
335 2056 474 2088 minores
500 2062 571 2089 ante
597 2057 760 2090 domicilia
787 2071 896 2090 earum
922 2059 1144 2090 accumulatas
1171 2058 1335 2102 conspici,
1366 2063 1421 2089 aut
1451 2070 1549 2101 saepe
1579 2058 1676 2091 etiam
1706 2059 1825 2105 codem
1856 2065 1933 2091 tem-

241 2126 317 2157 pore
343 2114 420 2144 alias
446 2113 618 2155 particulas
644 2115 675 2147 in
702 2116 875 2147 domiciliis
901 2116 981 2159 ipsis
1009 2116 1128 2148 arctius
1155 2128 1362 2160 compressas
1388 2116 1529 2158 reperiri.
1578 2116 1747 2148 Posterius
1774 2129 1836 2160 ope
1862 2130 1934 2149 scu-

241 2171 305 2202 telli
331 2170 442 2208 analis,
467 2170 554 2213 prius
581 2184 666 2210 vero,
691 2174 967 2216 quemadmodum
992 2175 1077 2217 apud
1102 2174 1207 2206 larvas
1235 2173 1459 2212 cossidarum,
1490 2186 1546 2216 per
1577 2179 1676 2217 caput
1701 2174 1841 2205 seutello
1868 2186 1934 2206 cer—

397 2310 420 2342 *)
442 2309 519 2335 Talis
540 2310 566 2335 in
588 2310 685 2344 planta
706 2312 838 2339 interiore
861 2314 993 2339 efforatus
1019 2314 1114 2339 larvae
1142 2314 1230 2340 sesiae
1259 2317 1365 2339 meatus
1393 2314 1426 2338 ab
1455 2322 1488 2339 eo
1515 2313 1609 2338 larvae
1638 2314 1864 2348 eoleopteroruin
1894 2314 1933 2339 sie

242 2359 419 2385 discernitur.
447 2362 477 2384 ut
503 2358 654 2385 diametros
681 2360 754 2386 illius
781 2362 976 2388 transversalis
1003 2371 1092 2396 paene
1119 2372 1235 2396 prorsus
1264 2362 1435 2389 orbiculata.
1464 2362 1545 2387 huius
1573 2371 1683 2396 semper
1705 2372 1788 2397 quam
1810 2362 1931 2388 maxime

242 2413 323 2432 ovata
343 2411 453 2432 existat.
