2087 2777
1050 110 1100 144 32

232 217 366 255 exstitit,
395 216 668 259 transgredientes
694 213 833 256 primum
865 218 975 245 costas
1007 212 1135 245 alarum
1159 214 1339 245 amicarum
1370 211 1585 245 excutiamus,
1641 211 1733 244 Costa
1764 214 1791 245 1.
1823 212 1930 243 solum

229 276 311 317 apud
338 273 527 317 apisormcm
553 274 620 315 (fig.
647 272 698 304 56.
723 274 761 304 Α.
790 274 831 312 1.)
858 271 999 313 perfecte
1025 269 1154 301 evoluta
1180 269 1357 307 invenitur,
1384 281 1525 312 namque
1550 268 1638 311 apud
1663 273 1798 300 cunctas
1825 270 1930 302 sesias

229 331 368 374 reliquas
401 331 474 363 loco
508 330 591 361 itlius
624 334 749 361 tantum
770 340 954 373 processum
986 327 1148 370 quendam
1174 327 1321 360 costalem
1354 326 1646 370 deprehendirmns,
1684 331 1719 357 ut
1743 325 1787 357 ita
1813 339 1931 370 appen„

228 389 333 420 dicem
359 401 456 420 caece
481 389 705 419 decurrentem
732 386 943 428 appellemus.
996 385 1045 416 Ex
1071 385 1183 418 cellula
1207 385 1312 418 media
1343 385 1409 428 (fig.
1435 385 1486 416 56.
1512 388 1558 423 u.)
1584 397 1641 427 per
1667 389 1778 417 costas
1809 390 1841 415 et
1866 397 1931 416 me-

228 447 312 478 diam
343 446 527 478 interiorem
559 446 624 488 (fig.
656 444 707 475 56.
739 450 783 485 α.)
815 448 846 474 ct
877 442 1014 474 mediam
1047 441 1241 474 exteriorem
1281 445 1337 483 (β.)
1368 448 1399 474 et
1428 447 1650 473 transversam
1682 445 1741 483 (γ.)
1774 442 1931 474 conclusa

228 510 339 536 costae
365 506 393 536 2.
420 515 523 546 usque
549 503 588 533 ad
616 504 664 535 10.
696 500 908 544 proveniunt,
945 512 1081 543 quarum
1107 500 1136 532 2.
1163 512 1238 531 cum
1271 500 1416 543 quinque
1450 499 1663 541 sequentibus
1693 499 1723 531 in
1751 499 1932 544 marginem

229 562 459 605 posteriorem,
491 561 536 597 8.,
572 562 601 592 f).
627 565 657 591 et
684 560 732 591 10.
763 558 794 589 in
821 563 999 589 extremam
1024 562 1149 600 partem
1181 557 1336 601 marginis
1370 556 1541 588 anterioris
1568 563 1698 589 exeunt.
1753 560 1855 589 Costa
1882 560 1932 591 11.

228 626 275 651 est
303 624 414 649 costae
438 618 564 649 mediae
582 615 749 648 exterioris
768 615 870 658 ipsius
890 614 1102 653 continuatio,
1130 614 1216 646 sicut
1242 621 1355 647 costae
1373 615 1402 648 2.
1427 620 1458 647 et
1479 615 1509 647 3.
1536 614 1799 648 continuationes
1818 620 1932 648 costae

227 676 352 708 inediae
378 675 536 707 interioris
568 674 758 705 iudicandae
790 678 874 706 sunt.
934 674 1054 704 Costae
1081 674 1109 704 7.
1136 678 1165 704 et
1191 674 1221 706 S.
1254 684 1383 715 semper
1414 677 1523 704 ortum
1555 684 1765 705 communem
1798 673 1930 711 habent,

228 735 316 778 quod
341 734 427 766 idem
452 739 576 776 praeter
601 744 747 764 normam
773 731 905 774 quidem
929 730 960 761 in
991 730 1093 762 costis
1120 731 1149 762 5.
1175 743 1212 763 ac
1238 730 1268 763 6.
1294 731 1414 773 reperi,
1448 731 1506 762 sed
1536 730 1637 762 modo
1668 730 1700 761 iu
1725 730 1856 763 sinistra
1882 731 1932 762 ala

228 792 333 824 antica
359 791 535 834 apiformis.
575 789 707 822 Nor-nisi
732 789 763 820 in
789 788 937 831 longiore
962 793 993 820 et
1018 788 1208 831 angustiore
1234 788 1282 819 ala
1300 787 1523 830 hylaeiformis
1542 793 1732 820 constanter
1748 801 1812 820 una
1838 795 1932 821 costa

228 850 368 891 minus‘)
397 848 572 887 invenitur,
611 848 652 879 ita
682 852 718 878 ut
749 845 963 877 communiter
992 851 1166 877 nascentes
1199 851 1313 878 costae
1344 845 1396 877 hic
1429 846 1458 878 6.
1485 851 1516 878 et
1543 847 1571 878 7.
1599 845 1664 878 sint
1696 846 1762 889 (fig.
1789 847 1840 881 61,
1867 848 1931 887 Α.).

229 906 379 949 Vulgaris
405 911 570 937 costarum
596 916 747 936 numerus
773 903 895 947 alioqui
913 903 1078 935 rarissime
1097 903 1325 947 exceptionem
1343 903 1512 935 fortuitam
1529 903 1661 947 patitur,
1687 915 1786 947 quam
1811 904 1920 936 solum

228 965 327 996 inodo
352 964 383 995 in
408 963 542 994 minimo
572 974 658 993 mare
687 961 854 993 asiliforini
886 961 1191 1000 animadvertimus,
1229 960 1280 993 cui
1313 966 1406 993 costa
1438 974 1501 993 una
1533 962 1654 994 deerat.
1706 961 1933 993 Tenthredini-

229 1021 341 1053 soi-inis
374 1026 405 1053 et
435 1019 706 1063 philanthiformis
739 1025 849 1051 costas
882 1021 931 1052 10.
965 1024 995 1051 et
1028 1021 1078 1053 11.
1115 1019 1257 1051 vidimus
1289 1018 1420 1063 egregie
1451 1020 1491 1051 ad
1522 1019 1704 1063 marginem
1736 1018 1933 1051 anteriorem

231 1091 342 1111 versus
376 1090 573 1121 convergere
605 1083 701 1120 atque
731 1077 893 1109 interdum
924 1078 1005 1109 adeo
1037 1083 1111 1109 ante
1142 1077 1239 1109 finem
1270 1089 1367 1109 suum
1402 1077 1435 1109 in
1468 1083 1597 1109 costam
1633 1077 1764 1109 unicam
1797 1077 1933 1110 conflari

230 1138 293 1179 (fig.
322 1137 400 1176 58.).
455 1138 553 1167 fosta
585 1136 650 1173 12„
682 1140 773 1166 costa
806 1135 960 1178 marginis
992 1135 1162 1167 anterioris
1190 1134 1417 1175 (Herrichii
1441 1155 1485 1159 —
1510 1135 1782 1177 Schaefferi)‚
1819 1135 1933 1167 statim

230 1206 312 1237 pone.
335 1193 414 1225 illud
439 1193 638 1236 marsupium
663 1192 831 1224 retinaculi
852 1192 1008 1237 originem
1035 1193 1131 1236 capit.
1173 1194 1336 1236 Supremo
1361 1193 1392 1224 in
1418 1193 1565 1237 margine
1590 1193 1751 1226 anteriore
1776 1193 1849 1236 ipso
1874 1205 1932 1236 po-

230 1257 385 1284 stremum
415 1251 555 1283 decurrit
587 1257 677 1283 costa
704 1252 753 1284 13.
780 1250 845 1294 (fig.
870 1251 921 1285 56.
947 1253 1010 1293 Α.).
1064 1251 1236 1283 Praeterea
1266 1251 1299 1282 in
1325 1251 1441 1283 cellula
1473 1250 1580 1283 media
1613 1251 1683 1283 alae
1716 1250 1843 1283 anticae
1866 1251 1932 1294 ple-

228 1321 365 1352 rumque
390 1308 530 1341 cernitur
560 1321 630 1340 eam
655 1308 802 1341 dividens
833 1307 1027 1340 tenuissima
1058 1308 1142 1341 linea
1166 1308 1416 1353 longitudinalis
1447 1309 1512 1353 (fig.
1539 1310 1591 1342 56.
1617 1312 1673 1350 d),
1711 1322 1810 1352 quarn
1834 1308 1931 1341 nobis

231 1367 283 1399 vix
307 1367 404 1399 liceat
429 1372 555 1398 costam
580 1366 757 1409 perhibere.

387 1425 521 1458 Alarum
544 1426 738 1469 poslz'carum
763 1436 875 1468 margo
890 1424 1045 1475 ‘exterior
1070 1424 1242 1463 deorsum,
1273 1424 1330 1457 ubi
1355 1430 1449 1456 costa
1483 1428 1509 1458 1.
1535 1436 1558 1457 c.
1591 1423 1674 1463 exit,
1704 1424 1854 1456 nonnihil
1879 1436 1932 1456 ex-

233 1489 338 1515 sertus
365 1494 437 1515 esse
463 1482 556 1521 solet,
583 1483 670 1525 quod
696 1482 837 1514 maxime
861 1482 1083 1525 hylaeiformis
1111 1482 1177 1526 (fig.
1203 1484 1252 1515 61.
1279 1483 1332 1524 Β.)
1360 1481 1515 1514 ostendit.
1565 1482 1688 1514 Costae
1715 1485 1743 1515 1.
1769 1494 1810 1521 a„
1837 1484 1865 1514 1.
1891 1483 1931 1522 b.‚

233 1545 259 1574 1.
286 1553 309 1573 c.
335 1552 436 1584 prope
460 1552 626 1583 nunquam
652 1539 891 1578 desiderantur,
923 1553 1123 1584 quamquam
1156 1543 1183 1575 1,
1208 1552 1237 1574 α.
1252 1542 1290 1581 “)
1318 1552 1553 1583 saepenumero
1584 1539 1779 1572 tenuissima
1803 1545 1933 1572 tantum

233 1603 408 1641 comparet.
462 1598 546 1629 Inter
571 1603 680 1629 costas
707 1601 735 1629 1.
761 1609 789 1630 α.
816 1603 847 1629 et
873 1600 900 1631 1.
925 1599 953 1632 b.
982 1610 1177 1641 processum
1209 1598 1370 1630 costalem
1402 1597 1468 1641 (fig.
1493 1598 1546 1630 56.
1572 1600 1608 1639 ε.)
1642 1610 1771 1641 semper
1803 1597 1932 1641 conspi—

233 1657 347 1694 cimus,
373 1655 443 1687 sola
469 1660 596 1687 exenita
621 1655 791 1687 asiliformi
816 1655 881 1699 (fig.
908 1657 959 1689 53.
985 1657 1045 1698 B.).
1095 1657 1285 1700 Sequuntur
1309 1656 1374 1687 iam
1400 1660 1515 1688 costae
1539 1656 1578 1693 2.,
1605 1657 1647 1695 3.,
1672 1657 1714 1695 4.,
1740 1657 1782 1695 5.,
1808 1657 1838 1689 6.
1864 1655 1933 1699 (fig.

233 1715 284 1747 56.
310 1715 372 1755 R),
398 1726 535 1756 quarum
559 1712 704 1744 habitum
729 1713 896 1745 diversum
914 1726 952 1745 ex
977 1714 1250 1746 delineationibus
1269 1714 1392 1758 optime
1415 1713 1662 1757 cognoscimus.
1704 1714 1806 1746 Costa
1830 1718 1934 1745 trans-

238 1874 323 1899 voluti
344 1874 473 1909 marginis
496 1874 642 1900 anterioris
664 1875 769 1901 alarum
792 1876 953 1907 amicarum,
977 1885 1058 1911 quam
1074 1886 1183 1902 sursum
1200 1876 1299 1902 directi
1320 1876 1453 1911 marginis
1470 1875 1618 1902 anterioris
1634 1876 1741 1902 alarum
1761 1875 1934 1909 postia-arum

236 1931 350 1957 prorsus
372 1924 515 1958 neglectae
537 1928 609 1953 sunt,
650 1922 740 1949 Porro
768 1928 879 1950 textura
901 1928 928 1950 et
950 1925 1106 1959 significatu
1127 1925 1223 1959 plures
1246 1929 1340 1952 costae
1355 1925 1389 1950 ab
1412 1925 1473 1950 aliis
1496 1924 1676 1951 vehementer
1692 1924 1833 1955 differunt,
1855 1924 1934 1950 velut

238 1974 313 1996 costa
338 1972 360 1996 l.
375 1978 391 1997 c
412 1972 515 1997 alarum
538 1972 706 2005 postiearurn
729 1981 804 1998 mera
824 1973 899 2007 plica
921 1973 1039 2008 duplicis
1061 1974 1236 2000 membranae
1259 1974 1365 2000 alarum
1388 1983 1449 2000 esse
1471 1974 1583 1999 videtur
1610 1977 1694 2008 atque
1722 1976 1815 1999 costae
1842 1976 1933 1998 trans-

237 2028 334 2045 versae
356 2020 517 2054 plerumque
539 2021 621 2047 etiam
643 2021 726 2055 longe
748 2022 830 2047 aliter
850 2026 945 2048 textae
968 2027 1039 2053 sunt,
1066 2031 1117 2048 nee
1144 2023 1260 2048 inten'us
1286 2022 1419 2048 videntur
1439 2022 1579 2048 branchos
1600 2021 1757 2048 tracheales
1780 2021 1933 2048 continere.

239 2068 315 2100 Quas
337 2076 382 2092 res
405 2068 485 2094 etiam
512 2069 674 2104 diligentius
701 2071 896 2096 examinandas
925 2080 1067 2097 censemus
1094 2071 1242 2106 ipsumque
1274 2080 1374 2097 nomen
1408 2075 1512 2102 costae,
1547 2075 1644 2105 utpote
1675 2070 1792 2104 proprie
1825 2074 1934 2096 tantum

239 2116 388 2141 elationem
409 2116 636 2151 longitudinalem
659 2118 818 2153 designanti,
840 2119 942 2145 rectius
965 2130 1025 2146 eurn
1048 2120 1103 2145 alio
1126 2123 1319 2146 commutetur.

397 2164 420 2197 *)
443 2164 903 2193 Hei-riehius-Schaefferus
927 2165 1105 2205 (Systemat.
1128 2166 1338 2204 Bearbez'tuny
1361 2167 1415 2196 der
1436 2165 1659 2204 europdz‘schen
1679 2165 1933 2204 Schmetterlinqe

238 2222 302 2247 pag.
326 2213 371 2238 59.
395 2220 465 2247 seq.)
489 2213 592 2245 dicens,
614 2215 716 2241 anticas
739 2216 797 2241 alas
812 2215 1002 2250 hylaeiformis
1018 2218 1135 2244 totidem
1151 2222 1252 2249 costas,
1276 2222 1346 2252 quot
1366 2218 1424 2243 alas
1436 2217 1613 2252 propriarum
1629 2216 1765 2243 sesiarum
1780 2217 1935 2248 continere,

239 2261 320 2286 valde
341 2261 427 2287 falsus
450 2264 499 2286 est.

401 2309 438 2342 **)
463 2309 608 2335 Cunctis
629 2312 707 2338 sesiis
729 2313 889 2346 minoribus,
911 2315 983 2340 sieut
1004 2315 1087 2341 etiam
1108 2315 1285 2350 hylaeiformi
1301 2319 1406 2342 eostam
1421 2316 1445 2340 l.
1460 2321 1489 2342 a.
1511 2314 1713 2341 Ledererus
1736 2315 1861 2350 praecise
1884 2315 1934 2340 ab-

242 2357 355 2383 iudicat.
378 2358 417 2383 At
433 2366 493 2383 eam
516 2358 619 2384 exactis
642 2361 879 2394 explorationibus
895 2363 1100 2398 mieroseopicis
1117 2364 1191 2398 apud
1206 2364 1293 2390 sesias
1309 2364 1431 2390 minores
1447 2372 1558 2398 semper
1574 2363 1740 2396 deteximus,
1757 2362 1936 2399 quantumvis

244 2405 326 2431 modo
349 2406 548 2438 tenuissimam,
571 2416 654 2441 quum
677 2410 750 2443 apud
771 2410 981 2445 hylaeisormem
1002 2413 1105 2446 passim
1126 2421 1225 2439 revera
1246 2422 1301 2439 non
1324 2416 1434 2440 exstare
1455 2413 1611 2438 videbatur.
