2087 2777
1065 108 1111 141 16

932 361 1242 428 PUPA.

403 615 430 656 ξ.
459 617 506 646 11.
555 614 642 655 l'npa
669 624 731 642 non
758 616 821 641 toni
848 610 931 641 clare
951 608 1129 640 eminentes
1157 607 1320 639 sectiones
1338 606 1532 650 principales
1560 605 1656 637 nobis
1683 606 1837 644 0510111111,
1863 618 1938 649 qua-

249 675 292 705 les
319 674 398 704 duas
424 672 531 703 larvae
556 671 585 702 in
611 674 706 712 caput
733 674 763 700 et.
789 673 947 699 truncum.
975 672 1038 697 tres
1065 665 1216 709 imaginis
1244 664 1275 696 in
1301 670 1409 707 caput,
1437 663 1604 695 thoracem
1630 669 1659 695 et
1686 664 1848 696 abdomen
1874 676 1939 696 cer-

246 731 362 762 nimus.
378 733 402 770 ⁸)
450 729 606 759 Externos
632 732 739 758 autem
771 726 890 756 formas
922 723 1029 755 animo
1061 723 1233 755 attentiore
1260 727 1502 765 perscrutantes
1536 733 1655 765 organa
1680 720 1712 752 in
1736 727 1829 764 parte
1853 727 1940 753 ante-

247 789 329 819 riore
356 787 413 817 sita
442 786 511 828 plus
537 785 599 816 illis
625 783 773 826 imaginis
800 781 973 813 comcnire
998 780 1226 824 intelligimus,
1259 792 1360 823 quum
1387 779 1550 823 posterius
1584 779 1645 810 sita
1670 779 1768 822 longe
1791 779 1865 822 plus
1892 792 1940 810 or-

248 845 337 887 ganis
374 844 479 875 larvae
516 847 730 874 consentanca
768 845 852 872 sunt.
901 840 997 880 Quod
1034 839 1076 870 ita
1109 850 1182 870 esse
1215 851 1253 870 ex
1285 837 1490 881 diligentiore
1528 837 1730 880 singularum
1762 837 1939 869 formarum

249 900 525 944 mniteniplationc,
547 900 630 932 ultro
656 903 810 941 patescet,
837 909 935 940 quare
959 897 1012 928 hic
1038 902 1164 928 tantum
1189 895 1324 927 rationis
1351 895 1554 939 singulorum
1581 900 1828 939 segmentorum
1852 908 1940 928 men-

250 960 369 991 tionem
394 958 560 996 faciamus,
586 970 647 1000 qua
674 956 733 987 ista
760 954 917 986 sententia
944 954 1073 998 egregie
1099 953 1269 988 stabilitur.
1318 954 1432 996 ltaque
1457 965 1594 996 pupam,
1625 953 1742 985 ceteris
1769 953 1838 985 eius
1865 966 1941 985 con—

251 1017 426 1049 ditionibus
453 1027 586 1058 prorsus
613 1012 861 1057 prnctcrnlissis',
887 1025 951 1044 non
976 1012 1089 1044 iniuria
1116 1011 1146 1042 in
1174 1011 1238 1042 duo
1263 1011 1385 1043 maiora
1412 1017 1581 1055 segmenta
1606 1011 1773 1054 primaria,
1800 1011 1943 1055 cephalo-

249 1076 403 1108 thoracem
435 1079 465 1105 ct,
495 1074 648 1106 abdomen
678 1070 831 1109 dicimus,
869 1070 1055 1113 dispescere
1093 1069 1270 1112 possimus.
1318 1070 1360 1101 At
1391 1082 1491 1113 quum
1522 1069 1645 1101 formae
1674 1081 1780 1112 pupae
1814 1080 1944 1112 semper

248 1138 380 1164 catenus
406 1131 504 1162 modo
530 1129 710 1172 descriptae
727 1128 801 1165 sint,
827 1133 986 1171 quatenus
1013 1139 1047 1159 ca
1067 1127 1196 1159 thecam
1213 1126 1365 1170 imaginis
1384 1126 1566 1165 constituit,
1592 1127 1681 1171 quod
1708 1126 1839 1170 quidem
1864 1138 1942 1158 non-

248 1190 309 1221 nisi
334 1188 468 1232 periodo
494 1193 634 1219 extrema
660 1187 751 1229 plane
776 1191 862 1217 recte
887 1185 1001 1223 habet,
1035 1198 1118 1228 pupa
1145 1185 1327 1217 secundum
1352 1184 1503 1229 imaginis
1535 1197 1614 1216 suae
1638 1184 1698 1216 tria
1723 1184 1845 1216 maiora
1872 1196 1943 1228 seg-

249 1252 355 1279 menta
388 1245 536 1289 primaria
566 1257 668 1288 aeque
697 1256 736 1275 ex
767 1243 868 1275 tribus
901 1243 1078 1287 segmentis
1108 1242 1341 1286 principalibus
1373 1242 1557 1286 composita
1588 1243 1794 1275 censebatur.
1847 1241 1943 1274 Unde

248 1305 342 1337 Kirb
351 1317 371 1347 y
395 1303 525 1335 nomina
550 1303 785 1347 cephalotheccze,
810 1301 1046 1334 thoracothecae
1071 1306 1101 1332 et
1124 1300 1356 1345 qasterolhecae
1380 1312 1485 1344 pupae
1510 1300 1634 1335 indidit.
1684 1300 1864 1332 Rarissime
1891 1312 1942 1332 so-

248 1363 332 1401 lum,
363 1361 408 1393 uti
433 1361 521 1403 ipsas
547 1361 632 1403 apud
658 1359 774 1398 sesias,
807 1358 939 1397 accidit,
971 1364 1007 1390 ut
1036 1359 1187 1401 ruptione
1212 1370 1319 1401 pupae
1344 1370 1457 1390 omnes
1485 1358 1633 1402 singulae
1657 1364 1764 1401 partes
1792 1358 1942 1401 cephalo-

250 1421 363 1452 thecae
387 1419 596 1451 cohaerentes
622 1430 638 1449 a
665 1416 893 1449 thoracotheca
919 1416 1103 1455 solvantur,
1133 1415 1259 1448 fissuris
1292 1415 1484 1459 plerumque
1516 1429 1555 1449 ex
1580 1416 1684 1449 thecis
1710 1416 1843 1448 mininie
1867 1428 1942 1459 pen-

250 1478 410 1510 dentibus.
456 1475 659 1508 Divisionem
686 1474 802 1519 igitur,
834 1487 930 1518 quam
962 1474 1081 1518 Kirby
1114 1473 1266 1517 protulit,
1297 1479 1472 1517 sequentes
1505 1474 1650 1518 singulas
1683 1487 1789 1518 pupae
1818 1474 1941 1505 formas

252 1541 434 1568 tractemus⁴
473 1535 562 1575 Quas
586 1533 704 1564 formas
729 1532 818 1575 ipsas
844 1532 1024 1564 secundum
1048 1531 1191 1564 indolem
1218 1544 1311 1564 suam
1334 1544 1447 1563 rursus
1474 1537 1539 1564 tres
1564 1532 1596 1564 in
1613 1538 1722 1575 partes
1748 1531 1943 1564 distribuere

248 1593 332 1627 lieet,
382 1592 486 1624 Prima
513 1591 637 1623 scilicet
661 1603 714 1622 eas
741 1590 978 1633 complectitur,
1004 1602 1087 1633 quae
1110 1589 1224 1622 formis
1249 1590 1357 1622 larvae
1383 1590 1603 1633 explieantur3
1637 1590 1735 1622 altera
1766 1590 1848 1622 tales
1874 1595 1942 1622 tan-

251 1650 420 1682 tummodo
445 1649 598 1687 continet,
623 1661 704 1692 quae
730 1648 832 1680 solius
858 1660 963 1691 pupae
988 1648 1088 1691 gratia
1121 1647 1282 1686 existunt3
1313 1648 1408 1681 tertia
1440 1648 1580 1691 denique
1605 1660 1658 1680 eas
1685 1648 1854 1680 dumtaxat
1879 1647 1942 1680 for-

251 1720 319 1740 mas
345 1707 599 1750 comprehendit,
625 1719 706 1750 quae
730 1706 791 1737 illis
818 1706 968 1750 imaginis
992 1706 1200 1749 respondent.
1215 1707 1252 1748 ”)

408 1869 430 1902 ³³)
452 1868 491 1895 Ut.
513 1869 580 1903 quid
601 1869 652 1894 sibi
673 1869 798 1903 singulae
820 1868 907 1894 velint
928 1873 1036 1902 partes,
1060 1877 1127 1902 quas
1150 1868 1177 1893 111
1199 1877 1275 1902 pupa
1296 1867 1495 1901 conspicimus,
1523 1868 1634 1901 penitus
1662 1876 1833 1903 cognoscere
1856 1876 1941 1902 quea-

253 1927 320 1945 mus,
343 1918 399 1943 cius
421 1917 621 1943 diversissimas
644 1918 809 1943 evolutionis
830 1917 963 1951 periodos
984 1917 1142 1951 percontari
1164 1926 1214 1943 nos
1237 1920 1358 1950 oportet.
1396 1915 1476 1948 Quae
1499 1917 1683 1943 scrutationes
1706 1917 1761 1943 iam
1781 1917 1869 1942 multo
1893 1927 1940 1942 an-

253 1972 306 1992 tea.
329 1975 408 2000 quam
429 1970 569 2000 postrema
591 1966 683 1991 larvae
705 1967 796 1992 tunica
817 1970 928 1991 vetusta
950 1965 1125 1999 dirumpitur,
1147 1965 1272 1991 inchoari
1294 1965 1398 1990 debent
1426 1969 1453 1990 et
1475 1965 1708 1999 quemadmodum
1737 1965 1779 1991 Cl.
1802 1966 1851 1991 Dr.
1874 1965 1941 1991 He-

254 2015 389 2041 roldius
410 2015 607 2049 procedentem
629 2015 816 2041 evolutionem
838 2023 1006 2049 organorum
1029 2014 1183 2040 sexualium
1204 2023 1255 2048 per
1269 2013 1402 2048 periodos
1419 2014 1621 2040 diversissimas
1642 2014 1786 2048 praeclare
1803 2015 1942 2048 exposuit,

254 2064 324 2089 idem
347 2063 418 2088 circa
439 2064 500 2092 alia,
524 2063 684 2089 nominatim
706 2068 820 2089 externa
842 2072 945 2097 organa
967 2062 1026 2096 pari
1049 2063 1131 2088 modo
1152 2063 1355 2089 instituendum
1377 2066 1427 2088 est.
1469 2062 1527 2088 Has
1555 2067 1648 2089 autem
1671 2068 1698 2088 et
1720 2063 1891 2089 difficiliores
1914 2067 1943 2089 et

254 2112 439 2137 diuturniores
461 2111 682 2146 disquisitiones,
716 2116 813 2146 utpote
841 2122 856 2137 a
883 2111 1028 2146 proposito
1051 2115 1147 2137 nostro
1170 2112 1289 2139 alienas.
1318 2120 1382 2143 nos,
1410 2116 1441 2137 ut
1468 2120 1518 2145 par
1540 2116 1614 2142 erat,
1637 2112 1788 2137 omisimus.
1829 2111 1941 2137 Nostris

254 2160 364 2194 quidem
386 2160 624 2185 observationibus
645 2161 809 2195 plerumque
830 2165 937 2186 tantum
959 2160 1037 2185 vacui
1058 2169 1194 2194 puparuin
1216 2160 1333 2186 folliculi
1354 2160 1558 2190 inserviebant,
1585 2160 1690 2186 necnisi
1717 2160 1868 2186 nonnullae
1889 2169 1940 2194 pu-

254 2218 304 2241 pae
325 2209 457 2242 repletae,
479 2209 507 2233 111
529 2209 627 2243 quibus
648 2210 764 2235 internis
784 2210 875 2244 imago
896 2208 1098 2243 propemodum
1119 2209 1172 2234 iam
1192 2217 1308 2243 prorsus
1323 2209 1447 2243 perfecte
1469 2208 1582 2234 evoluta
1604 2209 1741 2239 exstabat,
1763 2213 1858 2243 partes
1881 2209 1941 2235 eius

254 2265 312 2281 cum
334 2257 388 2281 illis
409 2265 501 2290 pupae
522 2257 647 2283 conferre
671 2258 736 2283 mihi
758 2258 963 2292 permittebant.

410 2305 446 2338 *ἢ
469 2304 527 2331 Iam
547 2305 599 2331 hoc
620 2306 681 2331 loeo
704 2307 783 2332 nobis
806 2306 1043 2341 praemonendum
1065 2310 1116 2337 est,
1138 2306 1261 2341 singulas
1283 2314 1375 2340 pupae
1397 2305 1509 2337 formas,
1533 2315 1601 2340 quas
1623 2306 1745 2332 sectione
1766 2306 1851 2332 tert-ia
1866 2315 1941 2332 eom-

257 2352 457 2385 prehendimus,
480 2353 552 2387 apud
575 2353 685 2379 diversa
705 2355 848 2381 individua
869 2355 993 2380 eiusdem
1016 2355 1118 2389 speciei
1141 2354 1330 2380 diversissime
1353 2355 1480 2381 evolutas
1504 2358 1532 2380 et
1551 2355 1615 2389 plus
1636 2355 1680 2381 vel
1704 2355 1793 2381 minus
1816 2355 1940 2381 eminen—

256 2403 297 2425 tos
320 2401 495 2435 deprehendi,
518 2401 545 2426 id
568 2402 642 2436 quod
663 2403 817 2434 celerrimo,
841 2412 895 2438 quo
918 2408 1050 2429 externae
1071 2408 1165 2437 pastes
1187 2412 1279 2438 pupae
1301 2412 1420 2429 corneae
1442 2404 1520 2435 fiunt⁷
1542 2412 1675 2438 processu
1697 2404 1874 2431 dilucidatur.
