2087 2777
960 139 1008 174 41

902 360 1094 405 Descriptio.

306 441 498 486 Magnitudo
512 443 536 482 ')
561 450 585 477 0*
612 442 654 475 28
664 449 700 462 “¹¹¹¹
708 444 800 476 —40
810 451 857 482 ¹⁰⁰²,
881 452 900 478 Ω
922 445 963 477 35
971 451 1007 464 Μ’
1017 464 1058 469 -
1067 445 1108 477 45
1117 451 1165 476 Μ’.

308 527 429 558 Vertex
455 531 486 558 et
510 538 624 570 margo
649 526 765 570 capitis
790 527 954 570 posterior
978 541 1063 572 pone
1089 528 1204 560 oculos
1231 529 1376 561 citrinus.
1424 529 1528 562 Frons
1561 531 1851 576 ehalybeo-nigra‚

147 585 252 617 lituris
278 584 404 616 duabus
431 589 504 615 ante
529 584 644 616 oculos
671 585 840 618 cretaceis.
889 586 985 618 Oculi
1011 586 1226 630 fusco-nigri.
1277 589 1443 619 Antennae
1475 588 1619 620 articulis
1650 590 1692 623 60
1718 602 1851 633 compo-

149 643 239 681 sitae,
265 654 361 685 supra
387 647 418 673 et
443 647 538 674 extus
564 641 674 686 nigrae
700 645 809 683 (extus
834 643 905 675 basi
924 643 1055 687 saepius
1073 644 1315 685 flavescentes),
1341 645 1458 677 subtus
1485 650 1517 677 et
1533 645 1620 677 intus
1638 647 1851 691 ferrugineae³

149 700 227 733 setis
252 699 432 743 apicalibus
458 699 562 731 ssavis.
611 699 702 742 Palpi
727 700 812 739 flavi,
838 700 929 744 apice
956 701 1117 733 ochracei.

306 756 488 789 Prothorax
514 757 804 801 chalyben-niger.
852 758 1066 790 Mesothorax
1092 771 1189 802 supra
1214 759 1428 803 fuliginosus,
1458 761 1587 803 postice
1611 762 1749 794 maculis
1776 764 1851 795 dua-

146 815 208 847 bus
234 815 343 858 parvis
370 815 511 847 citi-inis:
538 814 616 846 infra
643 815 867 859 fusco-niger,
893 816 1135 847 immaculatus.
1184 816 1329 861 Tegulae
1354 817 1756 862 cllalybeo—fuliginosae‚
1788 833 1851 852 ma-

147 873 220 905 cula
244 885 372 916 magna,
399 872 662 916 subtriangulari‚
688 873 804 911 antica,
830 873 943 905 citi-ina
969 874 1034 917 (fig.
1061 875 1137 915 32).
1186 875 1393 907 Metathorax
1418 875 1625 919 fuliginosus.

307 930 382 962 Alae
407 929 531 961 anticae
557 930 813 973 subpeflucidae,
841 931 1003 963 ochraceo
1031 937 1237 975 squamatae,
1271 945 1368 976 supra
1393 933 1464 965 basi
1490 934 1615 977 nigrae,
1647 941 1771 978 puncto
1799 948 1851 967 an-

152 988 216 1020 tico
242 988 340 1027 ssavo,
367 987 483 1019 subtus
509 987 603 1019 basin
628 1000 744 1020 versus
770 989 997 1021 flavescentes.
1035 990 1113 1021 Alae
1137 990 1287 1033 posticae
1313 990 1415 1022 costis
1447 991 1597 1035 lineaque
1628 992 1769 1032 limbali,
1806 999 1849 1026 te—

146 1046 253 1078 nuiter
276 1045 509 1089 fusco-nigris,
536 1046 654 1077 subtus
682 1046 783 1078 costis
810 1047 838 1079 3.
864 1048 894 1079 4.
920 1048 950 1078 5.
978 1047 1158 1079 ochraceis.
1208 1047 1288 1080 Gilia
1315 1048 1437 1081 alarum
1463 1049 1564 1081 nitide
1589 1050 1721 1082 sumata.

308 1104 418 1134 coxae
447 1102 573 1134 aulicae
603 1103 816 1147 fuliginosae,
848 1103 975 1135 mediae
1005 1105 1255 1143 ssavo-mixtae,
1286 1106 1433 1149 posticae
1464 1107 1560 1138 finem
1591 1120 1705 1140 versus
1735 1109 1848 1141 flavae.

145 1161 282 1193 Femora
308 1165 402 1192 extus
429 1161 521 1199 flava,
546 1160 634 1192 intus
660 1161 884 1206 fusco-nigra.
932 1162 1045 1195 Tibiae
1070 1163 1264 1195 ochraceae:
1297 1164 1496 1207 posteriores
1526 1165 1597 1196 basi
1626 1166 1753 1210 nigrae,
1786 1167 1848 1198 cal-

147 1218 275 1250 caribus
302 1218 404 1252 ssavis.
453 1217 547 1249 Tarsi
574 1218 735 1251 ochracei.

306 1276 478 1308 Abdomcn
504 1276 683 1320 segmentis
711 1280 738 1309 1.
766 1283 797 1309 et
821 1279 850 1309 4.
878 1277 1117 1320 nigro-fuscis.
1145 1279 1173 1310 2.
1199 1280 1228 1311 3.
1255 1281 1284 1312 5.
1310 1279 1339 1311 G.
1366 1280 1409 1319 (in
1435 1290 1458 1316 (ᾗ
1484 1293 1618 1324 quoque
1644 1282 1687 1322 7.)
1714 1281 1847 1320 citrinis,

145 1334 274 1378 postice
298 1334 372 1377 plus
398 1333 548 1366 minusve
572 1334 690 1366 fuscis:
718 1336 746 1367 7.
772 1335 803 1367 in
825 1345 857 1374 Ω,
883 1337 912 1370 8,
937 1336 969 1367 in
994 1345 1018 1370 ςς·
1044 1336 1170 1375 citrino,
1195 1336 1287 1368 lineis
1312 1338 1438 1369 duabus
1464 1338 1652 1370 lateralibus
1679 1339 1848 1383 strigaque

148 1392 269 1424 dorsali
295 1391 339 1431 (in
364 1401 382 1426 Ω
405 1391 502 1422 ctiam
528 1392 677 1434 ventrali)
703 1393 814 1427 fuscis,

306 1450 414 1482 Larva
439 1449 520 1481 duas
547 1450 663 1481 saltem
688 1450 903 1483 hiemationes
935 1452 1034 1483 habet
1059 1463 1096 1483 ac
1121 1452 1314 1495 plerumque
1339 1453 1439 1485 modo
1465 1454 1496 1486 in
1516 1454 1734 1487 subterraneis
1760 1460 1847 1486 trun-

146 1520 259 1540 corum
282 1507 440 1551 partibus7
467 1513 523 1538 ant
547 1507 579 1538 in
604 1507 769 1540 radicibus
794 1509 907 1552 populi
933 1509 1043 1553 nigrae
1067 1510 1118 1541 vel
1143 1510 1256 1553 populi
1282 1512 1454 1551 tremulae.
1482 1513 1513 1543 in
1539 1513 1632 1545 cuius
1658 1512 1746 1556 ligno
1772 1512 1847 1555 ipso

144 1566 281 1609 longum
307 1564 368 1597 sibi
394 1565 548 1596 deorsum
574 1572 762 1609 pergentem
793 1572 936 1598 meatum
968 1572 1068 1610 parat.
1115 1567 1238 1599 Eadem
1267 1568 1449 1601 folliculum
1482 1570 1612 1602 conficit
1643 1583 1682 1602 ex
1714 1570 1848 1602 firmiter

146 1622 379 1666 conglutinatis
403 1622 482 1666 ligni
507 1623 686 1665 particulis,
712 1636 809 1667 quem
834 1624 1019 1656 interiorem
1044 1625 1175 1669 largiter
1200 1625 1261 1656 filis
1280 1627 1422 1661 obducit.
1460 1627 1520 1660 Hic
1545 1628 1709 1660 folliculus
1736 1634 1791 1660 aut
1815 1628 1847 1660 in

147 1680 269 1713 cortice
300 1679 423 1711 arboris
454 1680 575 1723 ipsius,
613 1687 668 1712 aut
697 1693 799 1724 prope
830 1682 869 1712 ab
901 1694 939 1713 eo
970 1682 1002 1713 in
1033 1682 1133 1714 humo
1164 1683 1331 1726 reperitur.
1379 1684 1483 1717 Larva
1514 1685 1545 1717 in
1577 1687 1693 1718 eodem
1719 1687 1846 1719 circiter

146 1750 260 1770 mense
284 1737 370 1769 Maio
395 1737 426 1769 in
452 1750 572 1781 pupam
597 1744 750 1773 mutatur.

305 1797 397 1840 Papa
421 1795 524 1833 fusca,
551 1808 710 1838 processu
735 1796 879 1828 verticali
905 1797 1111 1837 brevissimo,
1137 1800 1326 1839 rotundato,
1352 1800 1482 1832 frontali
1507 1801 1606 1834 nullo.
1653 1802 1844 1846 Metapodo—

146 1854 261 1886 thecae
285 1853 339 1884 fini
364 1866 470 1896 pupae
494 1853 669 1896 posteriori
692 1854 832 1885 maxime
856 1855 1116 1897 approxiinatae:
1142 1869 1223 1900 quas
1250 1863 1442 1901 sequnntur,
1468 1859 1574 1902 spatio
1600 1860 1774 1902 perspicuo
1801 1861 1845 1892 in-

145 1911 311 1949 termisso,
337 1911 557 1953 pterothecae,
583 1916 652 1942 tum
676 1912 988 1954 mesopodothecae,
1014 1914 1129 1946 deinde
1154 1915 1259 1958 spatio
1284 1915 1431 1959 longiore
1454 1917 1733 1959 propodothecae,
1758 1931 1843 1950 cera—

146 1969 315 2007 tothecae,
347 1968 676 2011 catagnathothecae,
708 1981 791 2012 quae
822 1981 886 2000 non
911 1970 1006 2002 valde
1036 1971 1118 2004 inter
1150 1985 1184 2004 se
1215 1973 1346 2006 distant.
1394 1974 1649 2006 Gasterothecae
1674 1982 1842 2019 segmenta

148 2027 255 2060 2—7.
285 2027 315 2058 in
348 2036 387 2063 (ς’,
419 2026 524 2058 2-6.
558 2026 589 2057 in
620 2035 638 2060 Ω
665 2027 868 2058 adminiculis
902 2028 1031 2060 (luobus
1069 2029 1242 2065 instructa,
1281 2032 1308 2062 7.
1338 2031 1369 2061 in
1397 2040 1415 2065 Ω
1445 2031 1558 2063 aculeo
1597 2044 1696 2075 parvo
1734 2034 1841 2066 medio

148 2084 261 2116 unico:
299 2096 476 2127 processus
508 2084 616 2115 anales
650 2097 745 2127 snpra
777 2090 917 2127 quatuor
942 2086 992 2116 vel
1023 2087 1118 2123 nulli,
1149 2088 1228 2119 infra
1260 2094 1345 2120 certe
1372 2100 1428 2120 sex
1453 2089 1505 2120 vel
1530 2092 1654 2123 decem.

306 2142 429 2185 Imaqo.
455 2142 540 2183 apud
565 2153 625 2173 nos
651 2142 814 2185 frequens,
839 2142 868 2173 in
895 2142 1001 2174 lucem
1027 2145 1136 2186 prodit
1159 2157 1272 2177 mense
1296 2145 1394 2177 lunio.

308 2338 331 2370 ²³)
355 2336 554 2372 Magnitudinis
571 2339 680 2364 nomine
704 2342 732 2364 et
753 2338 805 2364 hoc
826 2340 888 2365 loco
911 2343 938 2365 et
961 2340 1091 2374 deinceps
1114 2341 1272 2368 distantiam
1294 2343 1365 2369 inter
1387 2347 1536 2378 utrumque
1559 2347 1712 2369 extremum
1733 2344 1839 2377 apicem

150 2386 256 2411 alarum
282 2387 434 2412 amicarum
456 2387 680 2421 significavimus,
704 2396 774 2422 quae
797 2391 942 2422 tantopere
971 2392 1102 2415 extensae
1130 2394 1202 2419 sunt,
1229 2395 1259 2417 ut
1284 2392 1429 2418 inferiores
1457 2401 1550 2418 earum
1577 2391 1713 2425 margines
1736 2396 1838 2419 rectam

149 2435 249 2460 lineam
270 2434 414 2460 infractam
436 2436 615 2462 conforment.

1610 2494 1625 2518 G
